,date,wm_yr_wk,weekday,wday,month,year,d,sporting_days,cultrural_days,national_days,religious_days,sales
0,1/29/11,11101,Saturday,1,1,2011,1,0,0,0,0,19
1,1/30/11,11101,Sunday,2,1,2011,2,0,0,0,0,14
2,1/31/11,11101,Monday,3,1,2011,3,0,0,0,0,10
3,2/1/11,11101,Tuesday,4,2,2011,4,0,0,0,0,8
4,2/2/11,11101,Wednesday,5,2,2011,5,0,0,0,0,8
5,2/3/11,11101,Thursday,6,2,2011,6,0,0,0,0,13
6,2/4/11,11101,Friday,7,2,2011,7,0,0,0,0,16
7,2/5/11,11102,Saturday,1,2,2011,8,0,0,0,0,43
8,2/6/11,11102,Sunday,2,2,2011,9,1,0,0,0,25
9,2/7/11,11102,Monday,3,2,2011,10,0,0,0,0,18
10,2/8/11,11102,Tuesday,4,2,2011,11,0,0,0,0,14
11,2/9/11,11102,Wednesday,5,2,2011,12,0,0,0,0,11
12,2/10/11,11102,Thursday,6,2,2011,13,0,0,0,0,12
13,2/11/11,11102,Friday,7,2,2011,14,0,0,0,0,13
14,2/12/11,11103,Saturday,1,2,2011,15,0,0,0,0,33
15,2/13/11,11103,Sunday,2,2,2011,16,0,0,0,0,31
16,2/14/11,11103,Monday,3,2,2011,17,0,1,0,0,8
17,2/15/11,11103,Tuesday,4,2,2011,18,0,0,0,0,18
18,2/16/11,11103,Wednesday,5,2,2011,19,0,0,0,0,13
19,2/17/11,11103,Thursday,6,2,2011,20,0,0,0,0,8
20,2/18/11,11103,Friday,7,2,2011,21,0,0,0,0,13
21,2/19/11,11104,Saturday,1,2,2011,22,0,0,0,0,20
22,2/20/11,11104,Sunday,2,2,2011,23,0,0,0,0,23
23,2/21/11,11104,Monday,3,2,2011,24,0,0,1,0,16
24,2/22/11,11104,Tuesday,4,2,2011,25,0,0,0,0,7
25,2/23/11,11104,Wednesday,5,2,2011,26,0,0,0,0,16
26,2/24/11,11104,Thursday,6,2,2011,27,0,0,0,0,6
27,2/25/11,11104,Friday,7,2,2011,28,0,0,0,0,6
28,2/26/11,11105,Saturday,1,2,2011,29,0,0,0,0,16
29,2/27/11,11105,Sunday,2,2,2011,30,0,0,0,0,16
30,2/28/11,11105,Monday,3,2,2011,31,0,0,0,0,6
31,3/1/11,11105,Tuesday,4,3,2011,32,0,0,0,0,14
32,3/2/11,11105,Wednesday,5,3,2011,33,0,0,0,0,18
33,3/3/11,11105,Thursday,6,3,2011,34,0,0,0,0,14
34,3/4/11,11105,Friday,7,3,2011,35,0,0,0,0,18
35,3/5/11,11106,Saturday,1,3,2011,36,0,0,0,0,43
36,3/6/11,11106,Sunday,2,3,2011,37,0,0,0,0,24
37,3/7/11,11106,Monday,3,3,2011,38,0,0,0,0,15
38,3/8/11,11106,Tuesday,4,3,2011,39,0,0,0,0,12
39,3/9/11,11106,Wednesday,5,3,2011,40,0,0,0,1,14
40,3/10/11,11106,Thursday,6,3,2011,41,0,0,0,0,19
41,3/11/11,11106,Friday,7,3,2011,42,0,0,0,0,14
42,3/12/11,11107,Saturday,1,3,2011,43,0,0,0,0,26
43,3/13/11,11107,Sunday,2,3,2011,44,0,0,0,0,25
44,3/14/11,11107,Monday,3,3,2011,45,0,0,0,0,13
45,3/15/11,11107,Tuesday,4,3,2011,46,0,0,0,0,16
46,3/16/11,11107,Wednesday,5,3,2011,47,0,0,0,1,12
47,3/17/11,11107,Thursday,6,3,2011,48,0,1,0,0,14
48,3/18/11,11107,Friday,7,3,2011,49,0,0,0,0,11
49,3/19/11,11108,Saturday,1,3,2011,50,0,0,0,0,29
50,3/20/11,11108,Sunday,2,3,2011,51,0,0,0,1,21
51,3/21/11,11108,Monday,3,3,2011,52,0,0,0,0,18
52,3/22/11,11108,Tuesday,4,3,2011,53,0,0,0,0,13
53,3/23/11,11108,Wednesday,5,3,2011,54,0,0,0,0,9
54,3/24/11,11108,Thursday,6,3,2011,55,0,0,0,0,4
55,3/25/11,11108,Friday,7,3,2011,56,0,0,0,0,23
56,3/26/11,11109,Saturday,1,3,2011,57,0,0,0,0,34
57,3/27/11,11109,Sunday,2,3,2011,58,0,0,0,0,38
58,3/28/11,11109,Monday,3,3,2011,59,0,0,0,0,11
59,3/29/11,11109,Tuesday,4,3,2011,60,0,0,0,0,17
60,3/30/11,11109,Wednesday,5,3,2011,61,0,0,0,0,22
61,3/31/11,11109,Thursday,6,3,2011,62,0,0,0,0,27
62,4/1/11,11109,Friday,7,4,2011,63,0,0,0,0,32
63,4/2/11,11110,Saturday,1,4,2011,64,0,0,0,0,41
64,4/3/11,11110,Sunday,2,4,2011,65,0,0,0,0,41
65,4/4/11,11110,Monday,3,4,2011,66,0,0,0,0,17
66,4/5/11,11110,Tuesday,4,4,2011,67,0,0,0,0,29
67,4/6/11,11110,Wednesday,5,4,2011,68,0,0,0,0,19
68,4/7/11,11110,Thursday,6,4,2011,69,0,0,0,0,23
69,4/8/11,11110,Friday,7,4,2011,70,0,0,0,0,27
70,4/9/11,11111,Saturday,1,4,2011,71,0,0,0,0,32
71,4/10/11,11111,Sunday,2,4,2011,72,0,0,0,0,44
72,4/11/11,11111,Monday,3,4,2011,73,0,0,0,0,15
73,4/12/11,11111,Tuesday,4,4,2011,74,0,0,0,0,11
74,4/13/11,11111,Wednesday,5,4,2011,75,0,0,0,0,18
75,4/14/11,11111,Thursday,6,4,2011,76,0,0,0,0,27
76,4/15/11,11111,Friday,7,4,2011,77,0,0,0,0,38
77,4/16/11,11112,Saturday,1,4,2011,78,0,0,0,0,33
78,4/17/11,11112,Sunday,2,4,2011,79,0,0,0,0,51
79,4/18/11,11112,Monday,3,4,2011,80,0,0,0,0,20
80,4/19/11,11112,Tuesday,4,4,2011,81,0,0,0,0,11
81,4/20/11,11112,Wednesday,5,4,2011,82,0,0,0,0,20
82,4/21/11,11112,Thursday,6,4,2011,83,0,0,0,0,17
83,4/22/11,11112,Friday,7,4,2011,84,0,0,0,0,36
84,4/23/11,11113,Saturday,1,4,2011,85,0,0,0,0,54
85,4/24/11,11113,Sunday,2,4,2011,86,0,1,0,1,33
86,4/25/11,11113,Monday,3,4,2011,87,0,0,0,0,9
87,4/26/11,11113,Tuesday,4,4,2011,88,0,0,0,1,12
88,4/27/11,11113,Wednesday,5,4,2011,89,0,0,0,0,11
89,4/28/11,11113,Thursday,6,4,2011,90,0,0,0,0,22
90,4/29/11,11113,Friday,7,4,2011,91,0,0,0,0,17
91,4/30/11,11114,Saturday,1,4,2011,92,0,0,0,0,37
92,5/1/11,11114,Sunday,2,5,2011,93,0,0,0,0,52
93,5/2/11,11114,Monday,3,5,2011,94,0,0,0,0,19
94,5/3/11,11114,Tuesday,4,5,2011,95,0,0,0,0,24
95,5/4/11,11114,Wednesday,5,5,2011,96,0,0,0,0,33
96,5/5/11,11114,Thursday,6,5,2011,97,0,1,0,0,25
97,5/6/11,11114,Friday,7,5,2011,98,0,0,0,0,26
98,5/7/11,11115,Saturday,1,5,2011,99,0,0,0,0,55
99,5/8/11,11115,Sunday,2,5,2011,100,0,1,0,0,29
100,5/9/11,11115,Monday,3,5,2011,101,0,0,0,0,24
101,5/10/11,11115,Tuesday,4,5,2011,102,0,0,0,0,10
102,5/11/11,11115,Wednesday,5,5,2011,103,0,0,0,0,21
103,5/12/11,11115,Thursday,6,5,2011,104,0,0,0,0,19
104,5/13/11,11115,Friday,7,5,2011,105,0,0,0,0,23
105,5/14/11,11116,Saturday,1,5,2011,106,0,0,0,0,33
106,5/15/11,11116,Sunday,2,5,2011,107,0,0,0,0,36
107,5/16/11,11116,Monday,3,5,2011,108,0,0,0,0,15
108,5/17/11,11116,Tuesday,4,5,2011,109,0,0,0,0,7
109,5/18/11,11116,Wednesday,5,5,2011,110,0,0,0,0,23
110,5/19/11,11116,Thursday,6,5,2011,111,0,0,0,0,20
111,5/20/11,11116,Friday,7,5,2011,112,0,0,0,0,33
112,5/21/11,11117,Saturday,1,5,2011,113,0,0,0,0,58
113,5/22/11,11117,Sunday,2,5,2011,114,0,0,0,0,28
114,5/23/11,11117,Monday,3,5,2011,115,0,0,0,0,18
115,5/24/11,11117,Tuesday,4,5,2011,116,0,0,0,0,14
116,5/25/11,11117,Wednesday,5,5,2011,117,0,0,0,0,11
117,5/26/11,11117,Thursday,6,5,2011,118,0,0,0,0,18
118,5/27/11,11117,Friday,7,5,2011,119,0,0,0,0,18
119,5/28/11,11118,Saturday,1,5,2011,120,0,0,0,0,34
120,5/29/11,11118,Sunday,2,5,2011,121,0,0,0,0,55
121,5/30/11,11118,Monday,3,5,2011,122,0,0,1,0,23
122,5/31/11,11118,Tuesday,4,5,2011,123,1,0,0,0,15
123,6/1/11,11118,Wednesday,5,6,2011,124,0,0,0,0,15
124,6/2/11,11118,Thursday,6,6,2011,125,0,0,0,0,31
125,6/3/11,11118,Friday,7,6,2011,126,0,0,0,0,29
126,6/4/11,11119,Saturday,1,6,2011,127,0,0,0,0,40
127,6/5/11,11119,Sunday,2,6,2011,128,0,0,0,0,39
128,6/6/11,11119,Monday,3,6,2011,129,0,0,0,0,25
129,6/7/11,11119,Tuesday,4,6,2011,130,0,0,0,0,15
130,6/8/11,11119,Wednesday,5,6,2011,131,0,0,0,0,18
131,6/9/11,11119,Thursday,6,6,2011,132,0,0,0,0,36
132,6/10/11,11119,Friday,7,6,2011,133,0,0,0,0,30
133,6/11/11,11120,Saturday,1,6,2011,134,0,0,0,0,37
134,6/12/11,11120,Sunday,2,6,2011,135,1,0,0,0,37
135,6/13/11,11120,Monday,3,6,2011,136,0,0,0,0,42
136,6/14/11,11120,Tuesday,4,6,2011,137,0,0,0,0,37
137,6/15/11,11120,Wednesday,5,6,2011,138,0,0,0,0,55
138,6/16/11,11120,Thursday,6,6,2011,139,0,0,0,0,27
139,6/17/11,11120,Friday,7,6,2011,140,0,0,0,0,35
140,6/18/11,11121,Saturday,1,6,2011,141,0,0,0,0,52
141,6/19/11,11121,Sunday,2,6,2011,142,0,1,0,0,80
142,6/20/11,11121,Monday,3,6,2011,143,0,0,0,0,40
143,6/21/11,11121,Tuesday,4,6,2011,144,0,0,0,0,35
144,6/22/11,11121,Wednesday,5,6,2011,145,0,0,0,0,40
145,6/23/11,11121,Thursday,6,6,2011,146,0,0,0,0,23
146,6/24/11,11121,Friday,7,6,2011,147,0,0,0,0,34
147,6/25/11,11122,Saturday,1,6,2011,148,0,0,0,0,56
148,6/26/11,11122,Sunday,2,6,2011,149,0,0,0,0,68
149,6/27/11,11122,Monday,3,6,2011,150,0,0,0,0,25
150,6/28/11,11122,Tuesday,4,6,2011,151,0,0,0,0,17
151,6/29/11,11122,Wednesday,5,6,2011,152,0,0,0,0,33
152,6/30/11,11122,Thursday,6,6,2011,153,0,0,0,0,31
153,7/1/11,11122,Friday,7,7,2011,154,0,0,0,0,80
154,7/2/11,11123,Saturday,1,7,2011,155,0,0,0,0,86
155,7/3/11,11123,Sunday,2,7,2011,156,0,0,0,0,94
156,7/4/11,11123,Monday,3,7,2011,157,0,0,1,0,52
157,7/5/11,11123,Tuesday,4,7,2011,158,0,0,0,0,48
158,7/6/11,11123,Wednesday,5,7,2011,159,0,0,0,0,39
159,7/7/11,11123,Thursday,6,7,2011,160,0,0,0,0,38
160,7/8/11,11123,Friday,7,7,2011,161,0,0,0,0,34
161,7/9/11,11124,Saturday,1,7,2011,162,0,0,0,0,34
162,7/10/11,11124,Sunday,2,7,2011,163,0,0,0,0,48
163,7/11/11,11124,Monday,3,7,2011,164,0,0,0,0,36
164,7/12/11,11124,Tuesday,4,7,2011,165,0,0,0,0,22
165,7/13/11,11124,Wednesday,5,7,2011,166,0,0,0,0,18
166,7/14/11,11124,Thursday,6,7,2011,167,0,0,0,0,22
167,7/15/11,11124,Friday,7,7,2011,168,0,0,0,0,27
168,7/16/11,11125,Saturday,1,7,2011,169,0,0,0,0,40
169,7/17/11,11125,Sunday,2,7,2011,170,0,0,0,0,48
170,7/18/11,11125,Monday,3,7,2011,171,0,0,0,0,34
171,7/19/11,11125,Tuesday,4,7,2011,172,0,0,0,0,31
172,7/20/11,11125,Wednesday,5,7,2011,173,0,0,0,0,50
173,7/21/11,11125,Thursday,6,7,2011,174,0,0,0,0,34
174,7/22/11,11125,Friday,7,7,2011,175,0,0,0,0,45
175,7/23/11,11126,Saturday,1,7,2011,176,0,0,0,0,39
176,7/24/11,11126,Sunday,2,7,2011,177,0,0,0,0,65
177,7/25/11,11126,Monday,3,7,2011,178,0,0,0,0,21
178,7/26/11,11126,Tuesday,4,7,2011,179,0,0,0,0,23
179,7/27/11,11126,Wednesday,5,7,2011,180,0,0,0,0,22
180,7/28/11,11126,Thursday,6,7,2011,181,0,0,0,0,23
181,7/29/11,11126,Friday,7,7,2011,182,0,0,0,0,38
182,7/30/11,11127,Saturday,1,7,2011,183,0,0,0,0,39
183,7/31/11,11127,Sunday,2,7,2011,184,0,0,0,0,40
184,8/1/11,11127,Monday,3,8,2011,185,0,0,0,1,28
185,8/2/11,11127,Tuesday,4,8,2011,186,0,0,0,0,26
186,8/3/11,11127,Wednesday,5,8,2011,187,0,0,0,0,28
187,8/4/11,11127,Thursday,6,8,2011,188,0,0,0,0,29
188,8/5/11,11127,Friday,7,8,2011,189,0,0,0,0,35
189,8/6/11,11128,Saturday,1,8,2011,190,0,0,0,0,50
190,8/7/11,11128,Sunday,2,8,2011,191,0,0,0,0,61
191,8/8/11,11128,Monday,3,8,2011,192,0,0,0,0,41
192,8/9/11,11128,Tuesday,4,8,2011,193,0,0,0,0,32
193,8/10/11,11128,Wednesday,5,8,2011,194,0,0,0,0,21
194,8/11/11,11128,Thursday,6,8,2011,195,0,0,0,0,32
195,8/12/11,11128,Friday,7,8,2011,196,0,0,0,0,35
196,8/13/11,11129,Saturday,1,8,2011,197,0,0,0,0,76
197,8/14/11,11129,Sunday,2,8,2011,198,0,0,0,0,84
198,8/15/11,11129,Monday,3,8,2011,199,0,0,0,0,44
199,8/16/11,11129,Tuesday,4,8,2011,200,0,0,0,0,26
200,8/17/11,11129,Wednesday,5,8,2011,201,0,0,0,0,10
201,8/18/11,11129,Thursday,6,8,2011,202,0,0,0,0,20
202,8/19/11,11129,Friday,7,8,2011,203,0,0,0,0,50
203,8/20/11,11130,Saturday,1,8,2011,204,0,0,0,0,64
204,8/21/11,11130,Sunday,2,8,2011,205,0,0,0,0,58
205,8/22/11,11130,Monday,3,8,2011,206,0,0,0,0,26
206,8/23/11,11130,Tuesday,4,8,2011,207,0,0,0,0,22
207,8/24/11,11130,Wednesday,5,8,2011,208,0,0,0,0,25
208,8/25/11,11130,Thursday,6,8,2011,209,0,0,0,0,26
209,8/26/11,11130,Friday,7,8,2011,210,0,0,0,0,30
210,8/27/11,11131,Saturday,1,8,2011,211,0,0,0,0,53
211,8/28/11,11131,Sunday,2,8,2011,212,0,0,0,0,62
212,8/29/11,11131,Monday,3,8,2011,213,0,0,0,0,18
213,8/30/11,11131,Tuesday,4,8,2011,214,0,0,0,0,11
214,8/31/11,11131,Wednesday,5,8,2011,215,0,0,0,1,24
215,9/1/11,11131,Thursday,6,9,2011,216,0,0,0,0,16
216,9/2/11,11131,Friday,7,9,2011,217,0,0,0,0,48
217,9/3/11,11132,Saturday,1,9,2011,218,0,0,0,0,49
218,9/4/11,11132,Sunday,2,9,2011,219,0,0,0,0,34
219,9/5/11,11132,Monday,3,9,2011,220,0,0,1,0,49
220,9/6/11,11132,Tuesday,4,9,2011,221,0,0,0,0,43
221,9/7/11,11132,Wednesday,5,9,2011,222,0,0,0,0,29
222,9/8/11,11132,Thursday,6,9,2011,223,0,0,0,0,13
223,9/9/11,11132,Friday,7,9,2011,224,0,0,0,0,30
224,9/10/11,11133,Saturday,1,9,2011,225,0,0,0,0,45
225,9/11/11,11133,Sunday,2,9,2011,226,0,0,0,0,27
226,9/12/11,11133,Monday,3,9,2011,227,0,0,0,0,17
227,9/13/11,11133,Tuesday,4,9,2011,228,0,0,0,0,14
228,9/14/11,11133,Wednesday,5,9,2011,229,0,0,0,0,25
229,9/15/11,11133,Thursday,6,9,2011,230,0,0,0,0,13
230,9/16/11,11133,Friday,7,9,2011,231,0,0,0,0,27
231,9/17/11,11134,Saturday,1,9,2011,232,0,0,0,0,42
232,9/18/11,11134,Sunday,2,9,2011,233,0,0,0,0,55
233,9/19/11,11134,Monday,3,9,2011,234,0,0,0,0,35
234,9/20/11,11134,Tuesday,4,9,2011,235,0,0,0,0,30
235,9/21/11,11134,Wednesday,5,9,2011,236,0,0,0,0,21
236,9/22/11,11134,Thursday,6,9,2011,237,0,0,0,0,16
237,9/23/11,11134,Friday,7,9,2011,238,0,0,0,0,41
238,9/24/11,11135,Saturday,1,9,2011,239,0,0,0,0,39
239,9/25/11,11135,Sunday,2,9,2011,240,0,0,0,0,45
240,9/26/11,11135,Monday,3,9,2011,241,0,0,0,0,20
241,9/27/11,11135,Tuesday,4,9,2011,242,0,0,0,0,19
242,9/28/11,11135,Wednesday,5,9,2011,243,0,0,0,0,23
243,9/29/11,11135,Thursday,6,9,2011,244,0,0,0,0,16
244,9/30/11,11135,Friday,7,9,2011,245,0,0,0,0,22
245,10/1/11,11136,Saturday,1,10,2011,246,0,0,0,0,47
246,10/2/11,11136,Sunday,2,10,2011,247,0,0,0,0,61
247,10/3/11,11136,Monday,3,10,2011,248,0,0,0,0,19
248,10/4/11,11136,Tuesday,4,10,2011,249,0,0,0,0,19
249,10/5/11,11136,Wednesday,5,10,2011,250,0,0,0,0,17
250,10/6/11,11136,Thursday,6,10,2011,251,0,0,0,0,18
251,10/7/11,11136,Friday,7,10,2011,252,0,0,0,0,28
252,10/8/11,11137,Saturday,1,10,2011,253,0,0,0,0,43
253,10/9/11,11137,Sunday,2,10,2011,254,0,0,0,0,56
254,10/10/11,11137,Monday,3,10,2011,255,0,0,1,0,19
255,10/11/11,11137,Tuesday,4,10,2011,256,0,0,0,0,24
256,10/12/11,11137,Wednesday,5,10,2011,257,0,0,0,0,21
257,10/13/11,11137,Thursday,6,10,2011,258,0,0,0,0,22
258,10/14/11,11137,Friday,7,10,2011,259,0,0,0,0,27
259,10/15/11,11138,Saturday,1,10,2011,260,0,0,0,0,44
260,10/16/11,11138,Sunday,2,10,2011,261,0,0,0,0,55
261,10/17/11,11138,Monday,3,10,2011,262,0,0,0,0,27
262,10/18/11,11138,Tuesday,4,10,2011,263,0,0,0,0,18
263,10/19/11,11138,Wednesday,5,10,2011,264,0,0,0,0,23
264,10/20/11,11138,Thursday,6,10,2011,265,0,0,0,0,19
265,10/21/11,11138,Friday,7,10,2011,266,0,0,0,0,29
266,10/22/11,11139,Saturday,1,10,2011,267,0,0,0,0,57
267,10/23/11,11139,Sunday,2,10,2011,268,0,0,0,0,54
268,10/24/11,11139,Monday,3,10,2011,269,0,0,0,0,19
269,10/25/11,11139,Tuesday,4,10,2011,270,0,0,0,0,22
270,10/26/11,11139,Wednesday,5,10,2011,271,0,0,0,0,16
271,10/27/11,11139,Thursday,6,10,2011,272,0,0,0,0,20
272,10/28/11,11139,Friday,7,10,2011,273,0,0,0,0,26
273,10/29/11,11140,Saturday,1,10,2011,274,0,0,0,0,57
274,10/30/11,11140,Sunday,2,10,2011,275,0,0,0,0,57
275,10/31/11,11140,Monday,3,10,2011,276,0,1,0,0,21
276,11/1/11,11140,Tuesday,4,11,2011,277,0,0,0,0,26
277,11/2/11,11140,Wednesday,5,11,2011,278,0,0,0,0,22
278,11/3/11,11140,Thursday,6,11,2011,279,0,0,0,0,17
279,11/4/11,11140,Friday,7,11,2011,280,0,0,0,0,40
280,11/5/11,11141,Saturday,1,11,2011,281,0,0,0,0,36
281,11/6/11,11141,Sunday,2,11,2011,282,0,0,0,0,46
282,11/7/11,11141,Monday,3,11,2011,283,0,0,0,1,16
283,11/8/11,11141,Tuesday,4,11,2011,284,0,0,0,0,18
284,11/9/11,11141,Wednesday,5,11,2011,285,0,0,0,0,15
285,11/10/11,11141,Thursday,6,11,2011,286,0,0,0,0,24
286,11/11/11,11141,Friday,7,11,2011,287,0,0,1,0,34
287,11/12/11,11142,Saturday,1,11,2011,288,0,0,0,0,41
288,11/13/11,11142,Sunday,2,11,2011,289,0,0,0,0,57
289,11/14/11,11142,Monday,3,11,2011,290,0,0,0,0,28
290,11/15/11,11142,Tuesday,4,11,2011,291,0,0,0,0,21
291,11/16/11,11142,Wednesday,5,11,2011,292,0,0,0,0,19
292,11/17/11,11142,Thursday,6,11,2011,293,0,0,0,0,23
293,11/18/11,11142,Friday,7,11,2011,294,0,0,0,0,19
294,11/19/11,11143,Saturday,1,11,2011,295,0,0,0,0,50
295,11/20/11,11143,Sunday,2,11,2011,296,0,0,0,0,35
296,11/21/11,11143,Monday,3,11,2011,297,0,0,0,0,21
297,11/22/11,11143,Tuesday,4,11,2011,298,0,0,0,0,43
298,11/23/11,11143,Wednesday,5,11,2011,299,0,0,0,0,34
299,11/24/11,11143,Thursday,6,11,2011,300,0,0,1,0,43
300,11/25/11,11143,Friday,7,11,2011,301,0,0,0,0,92
301,11/26/11,11144,Saturday,1,11,2011,302,0,0,0,0,41
302,11/27/11,11144,Sunday,2,11,2011,303,0,0,0,0,25
303,11/28/11,11144,Monday,3,11,2011,304,0,0,0,0,13
304,11/29/11,11144,Tuesday,4,11,2011,305,0,0,0,0,19
305,11/30/11,11144,Wednesday,5,11,2011,306,0,0,0,0,10
306,12/1/11,11144,Thursday,6,12,2011,307,0,0,0,0,25
307,12/2/11,11144,Friday,7,12,2011,308,0,0,0,0,33
308,12/3/11,11145,Saturday,1,12,2011,309,0,0,0,0,43
309,12/4/11,11145,Sunday,2,12,2011,310,0,0,0,0,46
310,12/5/11,11145,Monday,3,12,2011,311,0,0,0,0,22
311,12/6/11,11145,Tuesday,4,12,2011,312,0,0,0,0,26
312,12/7/11,11145,Wednesday,5,12,2011,313,0,0,0,0,27
313,12/8/11,11145,Thursday,6,12,2011,314,0,0,0,0,21
314,12/9/11,11145,Friday,7,12,2011,315,0,0,0,0,31
315,12/10/11,11146,Saturday,1,12,2011,316,0,0,0,0,57
316,12/11/11,11146,Sunday,2,12,2011,317,0,0,0,0,43
317,12/12/11,11146,Monday,3,12,2011,318,0,0,0,0,37
318,12/13/11,11146,Tuesday,4,12,2011,319,0,0,0,0,21
319,12/14/11,11146,Wednesday,5,12,2011,320,0,0,0,0,18
320,12/15/11,11146,Thursday,6,12,2011,321,0,0,0,0,23
321,12/16/11,11146,Friday,7,12,2011,322,0,0,0,0,34
322,12/17/11,11147,Saturday,1,12,2011,323,0,0,0,0,74
323,12/18/11,11147,Sunday,2,12,2011,324,0,0,0,0,60
324,12/19/11,11147,Monday,3,12,2011,325,0,0,0,0,28
325,12/20/11,11147,Tuesday,4,12,2011,326,0,0,0,0,28
326,12/21/11,11147,Wednesday,5,12,2011,327,0,0,0,0,39
327,12/22/11,11147,Thursday,6,12,2011,328,0,0,0,0,45
328,12/23/11,11147,Friday,7,12,2011,329,0,0,0,0,75
329,12/24/11,11148,Saturday,1,12,2011,330,0,0,0,0,47
330,12/25/11,11148,Sunday,2,12,2011,331,0,0,1,0,39
331,12/26/11,11148,Monday,3,12,2011,332,0,0,0,0,32
332,12/27/11,11148,Tuesday,4,12,2011,333,0,0,0,0,20
333,12/28/11,11148,Wednesday,5,12,2011,334,0,0,0,1,17
334,12/29/11,11148,Thursday,6,12,2011,335,0,0,0,0,18
335,12/30/11,11148,Friday,7,12,2011,336,0,0,0,0,41
336,12/31/11,11149,Saturday,1,12,2011,337,0,0,0,0,25
337,1/1/12,11149,Sunday,2,1,2012,338,0,0,1,0,19
338,1/2/12,11149,Monday,3,1,2012,339,0,0,0,0,17
339,1/3/12,11149,Tuesday,4,1,2012,340,0,0,0,0,15
340,1/4/12,11149,Wednesday,5,1,2012,341,0,0,0,0,14
341,1/5/12,11149,Thursday,6,1,2012,342,0,0,0,0,22
342,1/6/12,11149,Friday,7,1,2012,343,0,0,0,0,28
343,1/7/12,11150,Saturday,1,1,2012,344,0,0,0,1,28
344,1/8/12,11150,Sunday,2,1,2012,345,0,0,0,0,22
345,1/9/12,11150,Monday,3,1,2012,346,0,0,0,0,14
346,1/10/12,11150,Tuesday,4,1,2012,347,0,0,0,0,18
347,1/11/12,11150,Wednesday,5,1,2012,348,0,0,0,0,20
348,1/12/12,11150,Thursday,6,1,2012,349,0,0,0,0,15
349,1/13/12,11150,Friday,7,1,2012,350,0,0,0,0,20
350,1/14/12,11151,Saturday,1,1,2012,351,0,0,0,0,30
351,1/15/12,11151,Sunday,2,1,2012,352,0,0,0,0,31
352,1/16/12,11151,Monday,3,1,2012,353,0,0,1,0,9
353,1/17/12,11151,Tuesday,4,1,2012,354,0,0,0,0,14
354,1/18/12,11151,Wednesday,5,1,2012,355,0,0,0,0,15
355,1/19/12,11151,Thursday,6,1,2012,356,0,0,0,0,9
356,1/20/12,11151,Friday,7,1,2012,357,0,0,0,0,22
357,1/21/12,11152,Saturday,1,1,2012,358,0,0,0,0,32
358,1/22/12,11152,Sunday,2,1,2012,359,0,0,0,0,25
359,1/23/12,11152,Monday,3,1,2012,360,0,0,0,0,15
360,1/24/12,11152,Tuesday,4,1,2012,361,0,0,0,0,9
361,1/25/12,11152,Wednesday,5,1,2012,362,0,0,0,0,10
362,1/26/12,11152,Thursday,6,1,2012,363,0,0,0,0,14
363,1/27/12,11152,Friday,7,1,2012,364,0,0,0,0,16
364,1/28/12,11201,Saturday,1,1,2012,365,0,0,0,0,36
365,1/29/12,11201,Sunday,2,1,2012,366,0,0,0,0,35
366,1/30/12,11201,Monday,3,1,2012,367,0,0,0,0,19
367,1/31/12,11201,Tuesday,4,1,2012,368,0,0,0,0,14
368,2/1/12,11201,Wednesday,5,2,2012,369,0,0,0,0,14
369,2/2/12,11201,Thursday,6,2,2012,370,0,0,0,0,22
370,2/3/12,11201,Friday,7,2,2012,371,0,0,0,0,21
371,2/4/12,11202,Saturday,1,2,2012,372,0,0,0,0,44
372,2/5/12,11202,Sunday,2,2,2012,373,1,0,0,0,34
373,2/6/12,11202,Monday,3,2,2012,374,0,0,0,0,34
374,2/7/12,11202,Tuesday,4,2,2012,375,0,0,0,0,24
375,2/8/12,11202,Wednesday,5,2,2012,376,0,0,0,0,9
376,2/9/12,11202,Thursday,6,2,2012,377,0,0,0,0,18
377,2/10/12,11202,Friday,7,2,2012,378,0,0,0,0,22
378,2/11/12,11203,Saturday,1,2,2012,379,0,0,0,0,30
379,2/12/12,11203,Sunday,2,2,2012,380,0,0,0,0,37
380,2/13/12,11203,Monday,3,2,2012,381,0,0,0,0,7
381,2/14/12,11203,Tuesday,4,2,2012,382,0,1,0,0,20
382,2/15/12,11203,Wednesday,5,2,2012,383,0,0,0,0,14
383,2/16/12,11203,Thursday,6,2,2012,384,0,0,0,0,10
384,2/17/12,11203,Friday,7,2,2012,385,0,0,0,0,18
385,2/18/12,11204,Saturday,1,2,2012,386,0,0,0,0,38
386,2/19/12,11204,Sunday,2,2,2012,387,0,0,0,0,45
387,2/20/12,11204,Monday,3,2,2012,388,0,0,1,0,23
388,2/21/12,11204,Tuesday,4,2,2012,389,0,0,0,0,15
389,2/22/12,11204,Wednesday,5,2,2012,390,0,0,0,1,30
390,2/23/12,11204,Thursday,6,2,2012,391,0,0,0,0,22
391,2/24/12,11204,Friday,7,2,2012,392,0,0,0,0,29
392,2/25/12,11205,Saturday,1,2,2012,393,0,0,0,0,32
393,2/26/12,11205,Sunday,2,2,2012,394,0,0,0,0,29
394,2/27/12,11205,Monday,3,2,2012,395,0,0,0,0,21
395,2/28/12,11205,Tuesday,4,2,2012,396,0,0,0,0,19
396,2/29/12,11205,Wednesday,5,2,2012,397,0,0,0,1,17
397,3/1/12,11205,Thursday,6,3,2012,398,0,0,0,0,26
398,3/2/12,11205,Friday,7,3,2012,399,0,0,0,0,29
399,3/3/12,11206,Saturday,1,3,2012,400,0,0,0,0,47
400,3/4/12,11206,Sunday,2,3,2012,401,0,0,0,0,48
401,3/5/12,11206,Monday,3,3,2012,402,0,0,0,0,16
402,3/6/12,11206,Tuesday,4,3,2012,403,0,0,0,0,23
403,3/7/12,11206,Wednesday,5,3,2012,404,0,0,0,0,26
404,3/8/12,11206,Thursday,6,3,2012,405,0,0,0,1,28
405,3/9/12,11206,Friday,7,3,2012,406,0,0,0,0,33
406,3/10/12,11207,Saturday,1,3,2012,407,0,0,0,0,57
407,3/11/12,11207,Sunday,2,3,2012,408,0,0,0,0,50
408,3/12/12,11207,Monday,3,3,2012,409,0,0,0,0,19
409,3/13/12,11207,Tuesday,4,3,2012,410,0,0,0,0,16
410,3/14/12,11207,Wednesday,5,3,2012,411,0,0,0,0,11
411,3/15/12,11207,Thursday,6,3,2012,412,0,0,0,0,19
412,3/16/12,11207,Friday,7,3,2012,413,0,0,0,0,26
413,3/17/12,11208,Saturday,1,3,2012,414,0,1,0,0,32
414,3/18/12,11208,Sunday,2,3,2012,415,0,0,0,0,33
415,3/19/12,11208,Monday,3,3,2012,416,0,0,0,0,30
416,3/20/12,11208,Tuesday,4,3,2012,417,0,0,0,0,25
417,3/21/12,11208,Wednesday,5,3,2012,418,0,0,0,0,32
418,3/22/12,11208,Thursday,6,3,2012,419,0,0,0,0,19
419,3/23/12,11208,Friday,7,3,2012,420,0,0,0,0,16
420,3/24/12,11209,Saturday,1,3,2012,421,0,0,0,0,48
421,3/25/12,11209,Sunday,2,3,2012,422,0,0,0,0,45
422,3/26/12,11209,Monday,3,3,2012,423,0,0,0,0,23
423,3/27/12,11209,Tuesday,4,3,2012,424,0,0,0,0,29
424,3/28/12,11209,Wednesday,5,3,2012,425,0,0,0,0,22
425,3/29/12,11209,Thursday,6,3,2012,426,0,0,0,0,24
426,3/30/12,11209,Friday,7,3,2012,427,0,0,0,0,30
427,3/31/12,11210,Saturday,1,3,2012,428,0,0,0,0,27
428,4/1/12,11210,Sunday,2,4,2012,429,0,0,0,0,49
429,4/2/12,11210,Monday,3,4,2012,430,0,0,0,0,24
430,4/3/12,11210,Tuesday,4,4,2012,431,0,0,0,0,27
431,4/4/12,11210,Wednesday,5,4,2012,432,0,0,0,0,27
432,4/5/12,11210,Thursday,6,4,2012,433,0,0,0,0,43
433,4/6/12,11210,Friday,7,4,2012,434,0,0,0,0,58
434,4/7/12,11211,Saturday,1,4,2012,435,0,0,0,0,63
435,4/8/12,11211,Sunday,2,4,2012,436,0,1,0,0,39
436,4/9/12,11211,Monday,3,4,2012,437,0,0,0,0,27
437,4/10/12,11211,Tuesday,4,4,2012,438,0,0,0,0,19
438,4/11/12,11211,Wednesday,5,4,2012,439,0,0,0,0,30
439,4/12/12,11211,Thursday,6,4,2012,440,0,0,0,0,25
440,4/13/12,11211,Friday,7,4,2012,441,0,0,0,0,33
441,4/14/12,11212,Saturday,1,4,2012,442,0,0,0,1,44
442,4/15/12,11212,Sunday,2,4,2012,443,0,0,0,1,66
443,4/16/12,11212,Monday,3,4,2012,444,0,0,0,0,31
444,4/17/12,11212,Tuesday,4,4,2012,445,0,0,0,0,28
445,4/18/12,11212,Wednesday,5,4,2012,446,0,0,0,0,18
446,4/19/12,11212,Thursday,6,4,2012,447,0,0,0,0,38
447,4/20/12,11212,Friday,7,4,2012,448,0,0,0,0,50
448,4/21/12,11213,Saturday,1,4,2012,449,0,0,0,0,87
449,4/22/12,11213,Sunday,2,4,2012,450,0,0,0,0,48
450,4/23/12,11213,Monday,3,4,2012,451,0,0,0,0,31
451,4/24/12,11213,Tuesday,4,4,2012,452,0,0,0,0,28
452,4/25/12,11213,Wednesday,5,4,2012,453,0,0,0,0,24
453,4/26/12,11213,Thursday,6,4,2012,454,0,0,0,0,22
454,4/27/12,11213,Friday,7,4,2012,455,0,0,0,0,39
455,4/28/12,11214,Saturday,1,4,2012,456,0,0,0,0,66
456,4/29/12,11214,Sunday,2,4,2012,457,0,0,0,0,61
457,4/30/12,11214,Monday,3,4,2012,458,0,0,0,0,50
458,5/1/12,11214,Tuesday,4,5,2012,459,0,0,0,0,29
459,5/2/12,11214,Wednesday,5,5,2012,460,0,0,0,0,37
460,5/3/12,11214,Thursday,6,5,2012,461,0,0,0,0,36
461,5/4/12,11214,Friday,7,5,2012,462,0,0,0,0,40
462,5/5/12,11215,Saturday,1,5,2012,463,0,1,0,0,67
463,5/6/12,11215,Sunday,2,5,2012,464,0,0,0,0,68
464,5/7/12,11215,Monday,3,5,2012,465,0,0,0,0,40
465,5/8/12,11215,Tuesday,4,5,2012,466,0,0,0,0,51
466,5/9/12,11215,Wednesday,5,5,2012,467,0,0,0,0,39
467,5/10/12,11215,Thursday,6,5,2012,468,0,0,0,0,35
468,5/11/12,11215,Friday,7,5,2012,469,0,0,0,0,61
469,5/12/12,11216,Saturday,1,5,2012,470,0,0,0,0,83
470,5/13/12,11216,Sunday,2,5,2012,471,0,1,0,0,58
471,5/14/12,11216,Monday,3,5,2012,472,0,0,0,0,34
472,5/15/12,11216,Tuesday,4,5,2012,473,0,0,0,0,44
473,5/16/12,11216,Wednesday,5,5,2012,474,0,0,0,0,44
474,5/17/12,11216,Thursday,6,5,2012,475,0,0,0,0,26
475,5/18/12,11216,Friday,7,5,2012,476,0,0,0,0,35
476,5/19/12,11217,Saturday,1,5,2012,477,0,0,0,0,66
477,5/20/12,11217,Sunday,2,5,2012,478,0,0,0,0,81
478,5/21/12,11217,Monday,3,5,2012,479,0,0,0,0,29
479,5/22/12,11217,Tuesday,4,5,2012,480,0,0,0,0,23
480,5/23/12,11217,Wednesday,5,5,2012,481,0,0,0,0,21
481,5/24/12,11217,Thursday,6,5,2012,482,0,0,0,0,26
482,5/25/12,11217,Friday,7,5,2012,483,0,0,0,0,30
483,5/26/12,11218,Saturday,1,5,2012,484,0,0,0,0,39
484,5/27/12,11218,Sunday,2,5,2012,485,0,0,0,0,49
485,5/28/12,11218,Monday,3,5,2012,486,0,0,1,0,29
486,5/29/12,11218,Tuesday,4,5,2012,487,0,0,0,0,20
487,5/30/12,11218,Wednesday,5,5,2012,488,0,0,0,0,28
488,5/31/12,11218,Thursday,6,5,2012,489,0,0,0,0,42
489,6/1/12,11218,Friday,7,6,2012,490,0,0,0,0,51
490,6/2/12,11219,Saturday,1,6,2012,491,0,0,0,0,72
491,6/3/12,11219,Sunday,2,6,2012,492,0,0,0,0,62
492,6/4/12,11219,Monday,3,6,2012,493,0,0,0,0,13
493,6/5/12,11219,Tuesday,4,6,2012,494,0,0,0,0,33
494,6/6/12,11219,Wednesday,5,6,2012,495,0,0,0,0,43
495,6/7/12,11219,Thursday,6,6,2012,496,0,0,0,0,37
496,6/8/12,11219,Friday,7,6,2012,497,0,0,0,0,44
497,6/9/12,11220,Saturday,1,6,2012,498,0,0,0,0,44
498,6/10/12,11220,Sunday,2,6,2012,499,0,0,0,0,76
499,6/11/12,11220,Monday,3,6,2012,500,0,0,0,0,40
500,6/12/12,11220,Tuesday,4,6,2012,501,1,0,0,0,38
501,6/13/12,11220,Wednesday,5,6,2012,502,0,0,0,0,24
502,6/14/12,11220,Thursday,6,6,2012,503,0,0,0,0,33
503,6/15/12,11220,Friday,7,6,2012,504,0,0,0,0,43
504,6/16/12,11221,Saturday,1,6,2012,505,0,0,0,0,80
505,6/17/12,11221,Sunday,2,6,2012,506,0,1,0,0,70
506,6/18/12,11221,Monday,3,6,2012,507,0,0,0,0,28
507,6/19/12,11221,Tuesday,4,6,2012,508,0,0,0,0,23
508,6/20/12,11221,Wednesday,5,6,2012,509,0,0,0,0,34
509,6/21/12,11221,Thursday,6,6,2012,510,1,0,0,0,20
510,6/22/12,11221,Friday,7,6,2012,511,0,0,0,0,48
511,6/23/12,11222,Saturday,1,6,2012,512,0,0,0,0,51
512,6/24/12,11222,Sunday,2,6,2012,513,0,0,0,0,46
513,6/25/12,11222,Monday,3,6,2012,514,0,0,0,0,18
514,6/26/12,11222,Tuesday,4,6,2012,515,0,0,0,0,25
515,6/27/12,11222,Wednesday,5,6,2012,516,0,0,0,0,42
516,6/28/12,11222,Thursday,6,6,2012,517,0,0,0,0,37
517,6/29/12,11222,Friday,7,6,2012,518,0,0,0,0,34
518,6/30/12,11223,Saturday,1,6,2012,519,0,0,0,0,48
519,7/1/12,11223,Sunday,2,7,2012,520,0,0,0,0,68
520,7/2/12,11223,Monday,3,7,2012,521,0,0,0,0,42
521,7/3/12,11223,Tuesday,4,7,2012,522,0,0,0,0,46
522,7/4/12,11223,Wednesday,5,7,2012,523,0,0,1,0,29
523,7/5/12,11223,Thursday,6,7,2012,524,0,0,0,0,35
524,7/6/12,11223,Friday,7,7,2012,525,0,0,0,0,40
525,7/7/12,11224,Saturday,1,7,2012,526,0,0,0,0,55
526,7/8/12,11224,Sunday,2,7,2012,527,0,0,0,0,57
527,7/9/12,11224,Monday,3,7,2012,528,0,0,0,0,41
528,7/10/12,11224,Tuesday,4,7,2012,529,0,0,0,0,45
529,7/11/12,11224,Wednesday,5,7,2012,530,0,0,0,0,29
530,7/12/12,11224,Thursday,6,7,2012,531,0,0,0,0,45
531,7/13/12,11224,Friday,7,7,2012,532,0,0,0,0,34
532,7/14/12,11225,Saturday,1,7,2012,533,0,0,0,0,58
533,7/15/12,11225,Sunday,2,7,2012,534,0,0,0,0,64
534,7/16/12,11225,Monday,3,7,2012,535,0,0,0,0,37
535,7/17/12,11225,Tuesday,4,7,2012,536,0,0,0,0,26
536,7/18/12,11225,Wednesday,5,7,2012,537,0,0,0,0,31
537,7/19/12,11225,Thursday,6,7,2012,538,0,0,0,0,42
538,7/20/12,11225,Friday,7,7,2012,539,0,0,0,1,72
539,7/21/12,11226,Saturday,1,7,2012,540,0,0,0,0,71
540,7/22/12,11226,Sunday,2,7,2012,541,0,0,0,0,52
541,7/23/12,11226,Monday,3,7,2012,542,0,0,0,0,23
542,7/24/12,11226,Tuesday,4,7,2012,543,0,0,0,0,18
543,7/25/12,11226,Wednesday,5,7,2012,544,0,0,0,0,23
544,7/26/12,11226,Thursday,6,7,2012,545,0,0,0,0,26
545,7/27/12,11226,Friday,7,7,2012,546,0,0,0,0,40
546,7/28/12,11227,Saturday,1,7,2012,547,0,0,0,0,35
547,7/29/12,11227,Sunday,2,7,2012,548,0,0,0,0,35
548,7/30/12,11227,Monday,3,7,2012,549,0,0,0,0,34
549,7/31/12,11227,Tuesday,4,7,2012,550,0,0,0,0,28
550,8/1/12,11227,Wednesday,5,8,2012,551,0,0,0,0,37
551,8/2/12,11227,Thursday,6,8,2012,552,0,0,0,0,42
552,8/3/12,11227,Friday,7,8,2012,553,0,0,0,0,44
553,8/4/12,11228,Saturday,1,8,2012,554,0,0,0,0,76
554,8/5/12,11228,Sunday,2,8,2012,555,0,0,0,0,66
555,8/6/12,11228,Monday,3,8,2012,556,0,0,0,0,63
556,8/7/12,11228,Tuesday,4,8,2012,557,0,0,0,0,40
557,8/8/12,11228,Wednesday,5,8,2012,558,0,0,0,0,42
558,8/9/12,11228,Thursday,6,8,2012,559,0,0,0,0,60
559,8/10/12,11228,Friday,7,8,2012,560,0,0,0,0,63
560,8/11/12,11229,Saturday,1,8,2012,561,0,0,0,0,88
561,8/12/12,11229,Sunday,2,8,2012,562,0,0,0,0,102
562,8/13/12,11229,Monday,3,8,2012,563,0,0,0,0,69
563,8/14/12,11229,Tuesday,4,8,2012,564,0,0,0,0,53
564,8/15/12,11229,Wednesday,5,8,2012,565,0,0,0,0,29
565,8/16/12,11229,Thursday,6,8,2012,566,0,0,0,0,43
566,8/17/12,11229,Friday,7,8,2012,567,0,0,0,0,48
567,8/18/12,11230,Saturday,1,8,2012,568,0,0,0,0,82
568,8/19/12,11230,Sunday,2,8,2012,569,0,0,0,1,99
569,8/20/12,11230,Monday,3,8,2012,570,0,0,0,0,56
570,8/21/12,11230,Tuesday,4,8,2012,571,0,0,0,0,42
571,8/22/12,11230,Wednesday,5,8,2012,572,0,0,0,0,31
572,8/23/12,11230,Thursday,6,8,2012,573,0,0,0,0,35
573,8/24/12,11230,Friday,7,8,2012,574,0,0,0,0,42
574,8/25/12,11231,Saturday,1,8,2012,575,0,0,0,0,48
575,8/26/12,11231,Sunday,2,8,2012,576,0,0,0,0,79
576,8/27/12,11231,Monday,3,8,2012,577,0,0,0,0,38
577,8/28/12,11231,Tuesday,4,8,2012,578,0,0,0,0,25
578,8/29/12,11231,Wednesday,5,8,2012,579,0,0,0,0,32
579,8/30/12,11231,Thursday,6,8,2012,580,0,0,0,0,30
580,8/31/12,11231,Friday,7,8,2012,581,0,0,0,0,49
581,9/1/12,11232,Saturday,1,9,2012,582,0,0,0,0,62
582,9/2/12,11232,Sunday,2,9,2012,583,0,0,0,0,79
583,9/3/12,11232,Monday,3,9,2012,584,0,0,1,0,74
584,9/4/12,11232,Tuesday,4,9,2012,585,0,0,0,0,36
585,9/5/12,11232,Wednesday,5,9,2012,586,0,0,0,0,23
586,9/6/12,11232,Thursday,6,9,2012,587,0,0,0,0,29
587,9/7/12,11232,Friday,7,9,2012,588,0,0,0,0,42
588,9/8/12,11233,Saturday,1,9,2012,589,0,0,0,0,70
589,9/9/12,11233,Sunday,2,9,2012,590,0,0,0,0,50
590,9/10/12,11233,Monday,3,9,2012,591,0,0,0,0,34
591,9/11/12,11233,Tuesday,4,9,2012,592,0,0,0,0,33
592,9/12/12,11233,Wednesday,5,9,2012,593,0,0,0,0,36
593,9/13/12,11233,Thursday,6,9,2012,594,0,0,0,0,42
594,9/14/12,11233,Friday,7,9,2012,595,0,0,0,0,45
595,9/15/12,11234,Saturday,1,9,2012,596,0,0,0,0,75
596,9/16/12,11234,Sunday,2,9,2012,597,0,0,0,0,59
597,9/17/12,11234,Monday,3,9,2012,598,0,0,0,0,49
598,9/18/12,11234,Tuesday,4,9,2012,599,0,0,0,0,32
599,9/19/12,11234,Wednesday,5,9,2012,600,0,0,0,0,30
600,9/20/12,11234,Thursday,6,9,2012,601,0,0,0,0,27
601,9/21/12,11234,Friday,7,9,2012,602,0,0,0,0,39
602,9/22/12,11235,Saturday,1,9,2012,603,0,0,0,0,80
603,9/23/12,11235,Sunday,2,9,2012,604,0,0,0,0,67
604,9/24/12,11235,Monday,3,9,2012,605,0,0,0,0,29
605,9/25/12,11235,Tuesday,4,9,2012,606,0,0,0,0,36
606,9/26/12,11235,Wednesday,5,9,2012,607,0,0,0,0,24
607,9/27/12,11235,Thursday,6,9,2012,608,0,0,0,0,28
608,9/28/12,11235,Friday,7,9,2012,609,0,0,0,0,39
609,9/29/12,11236,Saturday,1,9,2012,610,0,0,0,0,60
610,9/30/12,11236,Sunday,2,9,2012,611,0,0,0,0,88
611,10/1/12,11236,Monday,3,10,2012,612,0,0,0,0,51
612,10/2/12,11236,Tuesday,4,10,2012,613,0,0,0,0,49
613,10/3/12,11236,Wednesday,5,10,2012,614,0,0,0,0,40
614,10/4/12,11236,Thursday,6,10,2012,615,0,0,0,0,38
615,10/5/12,11236,Friday,7,10,2012,616,0,0,0,0,34
616,10/6/12,11237,Saturday,1,10,2012,617,0,0,0,0,49
617,10/7/12,11237,Sunday,2,10,2012,618,0,0,0,0,75
618,10/8/12,11237,Monday,3,10,2012,619,0,0,1,0,34
619,10/9/12,11237,Tuesday,4,10,2012,620,0,0,0,0,24
620,10/10/12,11237,Wednesday,5,10,2012,621,0,0,0,0,30
621,10/11/12,11237,Thursday,6,10,2012,622,0,0,0,0,30
622,10/12/12,11237,Friday,7,10,2012,623,0,0,0,0,40
623,10/13/12,11238,Saturday,1,10,2012,624,0,0,0,0,54
624,10/14/12,11238,Sunday,2,10,2012,625,0,0,0,0,53
625,10/15/12,11238,Monday,3,10,2012,626,0,0,0,0,45
626,10/16/12,11238,Tuesday,4,10,2012,627,0,0,0,0,39
627,10/17/12,11238,Wednesday,5,10,2012,628,0,0,0,0,29
628,10/18/12,11238,Thursday,6,10,2012,629,0,0,0,0,32
629,10/19/12,11238,Friday,7,10,2012,630,0,0,0,0,39
630,10/20/12,11239,Saturday,1,10,2012,631,0,0,0,0,50
631,10/21/12,11239,Sunday,2,10,2012,632,0,0,0,0,46
632,10/22/12,11239,Monday,3,10,2012,633,0,0,0,0,23
633,10/23/12,11239,Tuesday,4,10,2012,634,0,0,0,0,30
634,10/24/12,11239,Wednesday,5,10,2012,635,0,0,0,0,31
635,10/25/12,11239,Thursday,6,10,2012,636,0,0,0,0,30
636,10/26/12,11239,Friday,7,10,2012,637,0,0,0,1,49
637,10/27/12,11240,Saturday,1,10,2012,638,0,0,0,0,72
638,10/28/12,11240,Sunday,2,10,2012,639,0,0,0,0,71
639,10/29/12,11240,Monday,3,10,2012,640,0,0,0,0,36
640,10/30/12,11240,Tuesday,4,10,2012,641,0,0,0,0,34
641,10/31/12,11240,Wednesday,5,10,2012,642,0,1,0,0,22
642,11/1/12,11240,Thursday,6,11,2012,643,0,0,0,0,27
643,11/2/12,11240,Friday,7,11,2012,644,0,0,0,0,33
644,11/3/12,11241,Saturday,1,11,2012,645,0,0,0,0,68
645,11/4/12,11241,Sunday,2,11,2012,646,0,0,0,0,67
646,11/5/12,11241,Monday,3,11,2012,647,0,0,0,0,39
647,11/6/12,11241,Tuesday,4,11,2012,648,0,0,0,0,37
648,11/7/12,11241,Wednesday,5,11,2012,649,0,0,0,0,25
649,11/8/12,11241,Thursday,6,11,2012,650,0,0,0,0,32
650,11/9/12,11241,Friday,7,11,2012,651,0,0,0,0,22
651,11/10/12,11242,Saturday,1,11,2012,652,0,0,0,0,51
652,11/11/12,11242,Sunday,2,11,2012,653,0,0,1,0,63
653,11/12/12,11242,Monday,3,11,2012,654,0,0,0,0,35
654,11/13/12,11242,Tuesday,4,11,2012,655,0,0,0,0,35
655,11/14/12,11242,Wednesday,5,11,2012,656,0,0,0,0,26
656,11/15/12,11242,Thursday,6,11,2012,657,0,0,0,0,30
657,11/16/12,11242,Friday,7,11,2012,658,0,0,0,0,35
658,11/17/12,11243,Saturday,1,11,2012,659,0,0,0,0,65
659,11/18/12,11243,Sunday,2,11,2012,660,0,0,0,0,71
660,11/19/12,11243,Monday,3,11,2012,661,0,0,0,0,30
661,11/20/12,11243,Tuesday,4,11,2012,662,0,0,0,0,45
662,11/21/12,11243,Wednesday,5,11,2012,663,0,0,0,0,46
663,11/22/12,11243,Thursday,6,11,2012,664,0,0,1,0,56
664,11/23/12,11243,Friday,7,11,2012,665,0,0,0,0,70
665,11/24/12,11244,Saturday,1,11,2012,666,0,0,0,0,38
666,11/25/12,11244,Sunday,2,11,2012,667,0,0,0,0,45
667,11/26/12,11244,Monday,3,11,2012,668,0,0,0,0,15
668,11/27/12,11244,Tuesday,4,11,2012,669,0,0,0,0,31
669,11/28/12,11244,Wednesday,5,11,2012,670,0,0,0,0,21
670,11/29/12,11244,Thursday,6,11,2012,671,0,0,0,0,19
671,11/30/12,11244,Friday,7,11,2012,672,0,0,0,0,37
672,12/1/12,11245,Saturday,1,12,2012,673,0,0,0,0,70
673,12/2/12,11245,Sunday,2,12,2012,674,0,0,0,0,39
674,12/3/12,11245,Monday,3,12,2012,675,0,0,0,0,44
675,12/4/12,11245,Tuesday,4,12,2012,676,0,0,0,0,30
676,12/5/12,11245,Wednesday,5,12,2012,677,0,0,0,0,21
677,12/6/12,11245,Thursday,6,12,2012,678,0,0,0,0,23
678,12/7/12,11245,Friday,7,12,2012,679,0,0,0,0,36
679,12/8/12,11246,Saturday,1,12,2012,680,0,0,0,0,76
680,12/9/12,11246,Sunday,2,12,2012,681,0,0,0,0,55
681,12/10/12,11246,Monday,3,12,2012,682,0,0,0,0,34
682,12/11/12,11246,Tuesday,4,12,2012,683,0,0,0,0,24
683,12/12/12,11246,Wednesday,5,12,2012,684,0,0,0,0,28
684,12/13/12,11246,Thursday,6,12,2012,685,0,0,0,0,29
685,12/14/12,11246,Friday,7,12,2012,686,0,0,0,0,49
686,12/15/12,11247,Saturday,1,12,2012,687,0,0,0,0,58
687,12/16/12,11247,Sunday,2,12,2012,688,0,0,0,1,64
688,12/17/12,11247,Monday,3,12,2012,689,0,0,0,0,39
689,12/18/12,11247,Tuesday,4,12,2012,690,0,0,0,0,43
690,12/19/12,11247,Wednesday,5,12,2012,691,0,0,0,0,43
691,12/20/12,11247,Thursday,6,12,2012,692,0,0,0,0,35
692,12/21/12,11247,Friday,7,12,2012,693,0,0,0,0,47
693,12/22/12,11248,Saturday,1,12,2012,694,0,0,0,0,73
694,12/23/12,11248,Sunday,2,12,2012,695,0,0,0,0,57
695,12/24/12,11248,Monday,3,12,2012,696,0,0,0,0,57
696,12/25/12,11248,Tuesday,4,12,2012,697,0,0,1,0,45
697,12/26/12,11248,Wednesday,5,12,2012,698,0,0,0,0,34
698,12/27/12,11248,Thursday,6,12,2012,699,0,0,0,0,21
699,12/28/12,11248,Friday,7,12,2012,700,0,0,0,0,39
700,12/29/12,11249,Saturday,1,12,2012,701,0,0,0,0,27
701,12/30/12,11249,Sunday,2,12,2012,702,0,0,0,0,37
702,12/31/12,11249,Monday,3,12,2012,703,0,0,0,0,32
703,1/1/13,11249,Tuesday,4,1,2013,704,0,0,1,0,33
704,1/2/13,11249,Wednesday,5,1,2013,705,0,0,0,0,22
705,1/3/13,11249,Thursday,6,1,2013,706,0,0,0,0,23
706,1/4/13,11249,Friday,7,1,2013,707,0,0,0,0,36
707,1/5/13,11250,Saturday,1,1,2013,708,0,0,0,0,38
708,1/6/13,11250,Sunday,2,1,2013,709,0,0,0,0,40
709,1/7/13,11250,Monday,3,1,2013,710,0,0,0,1,21
710,1/8/13,11250,Tuesday,4,1,2013,711,0,0,0,0,28
711,1/9/13,11250,Wednesday,5,1,2013,712,0,0,0,0,20
712,1/10/13,11250,Thursday,6,1,2013,713,0,0,0,0,21
713,1/11/13,11250,Friday,7,1,2013,714,0,0,0,0,28
714,1/12/13,11251,Saturday,1,1,2013,715,0,0,0,0,53
715,1/13/13,11251,Sunday,2,1,2013,716,0,0,0,0,38
716,1/14/13,11251,Monday,3,1,2013,717,0,0,0,0,22
717,1/15/13,11251,Tuesday,4,1,2013,718,0,0,0,0,22
718,1/16/13,11251,Wednesday,5,1,2013,719,0,0,0,0,16
719,1/17/13,11251,Thursday,6,1,2013,720,0,0,0,0,18
720,1/18/13,11251,Friday,7,1,2013,721,0,0,0,0,35
721,1/19/13,11252,Saturday,1,1,2013,722,0,0,0,0,44
722,1/20/13,11252,Sunday,2,1,2013,723,0,0,0,0,44
723,1/21/13,11252,Monday,3,1,2013,724,0,0,1,0,34
724,1/22/13,11252,Tuesday,4,1,2013,725,0,0,0,0,25
725,1/23/13,11252,Wednesday,5,1,2013,726,0,0,0,0,16
726,1/24/13,11252,Thursday,6,1,2013,727,0,0,0,0,22
727,1/25/13,11252,Friday,7,1,2013,728,0,0,0,0,33
728,1/26/13,11301,Saturday,1,1,2013,729,0,0,0,0,45
729,1/27/13,11301,Sunday,2,1,2013,730,0,0,0,0,48
730,1/28/13,11301,Monday,3,1,2013,731,0,0,0,0,21
731,1/29/13,11301,Tuesday,4,1,2013,732,0,0,0,0,11
732,1/30/13,11301,Wednesday,5,1,2013,733,0,0,0,0,25
733,1/31/13,11301,Thursday,6,1,2013,734,0,0,0,0,33
734,2/1/13,11301,Friday,7,2,2013,735,0,0,0,0,29
735,2/2/13,11302,Saturday,1,2,2013,736,0,0,0,0,45
736,2/3/13,11302,Sunday,2,2,2013,737,1,0,0,0,38
737,2/4/13,11302,Monday,3,2,2013,738,0,0,0,0,29
738,2/5/13,11302,Tuesday,4,2,2013,739,0,0,0,0,26
739,2/6/13,11302,Wednesday,5,2,2013,740,0,0,0,0,20
740,2/7/13,11302,Thursday,6,2,2013,741,0,0,0,0,18
741,2/8/13,11302,Friday,7,2,2013,742,0,0,0,0,22
742,2/9/13,11303,Saturday,1,2,2013,743,0,0,0,0,39
743,2/10/13,11303,Sunday,2,2,2013,744,0,0,0,0,44
744,2/11/13,11303,Monday,3,2,2013,745,0,0,0,0,32
745,2/12/13,11303,Tuesday,4,2,2013,746,0,0,0,0,21
746,2/13/13,11303,Wednesday,5,2,2013,747,0,0,0,1,30
747,2/14/13,11303,Thursday,6,2,2013,748,0,1,0,0,36
748,2/15/13,11303,Friday,7,2,2013,749,0,0,0,0,33
749,2/16/13,11304,Saturday,1,2,2013,750,0,0,0,0,60
750,2/17/13,11304,Sunday,2,2,2013,751,0,0,0,0,49
751,2/18/13,11304,Monday,3,2,2013,752,0,0,1,0,40
752,2/19/13,11304,Tuesday,4,2,2013,753,0,0,0,0,19
753,2/20/13,11304,Wednesday,5,2,2013,754,0,0,0,1,25
754,2/21/13,11304,Thursday,6,2,2013,755,0,0,0,0,29
755,2/22/13,11304,Friday,7,2,2013,756,0,0,0,0,34
756,2/23/13,11305,Saturday,1,2,2013,757,0,0,0,0,38
757,2/24/13,11305,Sunday,2,2,2013,758,0,0,0,1,61
758,2/25/13,11305,Monday,3,2,2013,759,0,0,0,0,24
759,2/26/13,11305,Tuesday,4,2,2013,760,0,0,0,0,13
760,2/27/13,11305,Wednesday,5,2,2013,761,0,0,0,0,27
761,2/28/13,11305,Thursday,6,2,2013,762,0,0,0,0,20
762,3/1/13,11305,Friday,7,3,2013,763,0,0,0,0,38
763,3/2/13,11306,Saturday,1,3,2013,764,0,0,0,0,58
764,3/3/13,11306,Sunday,2,3,2013,765,0,0,0,0,47
765,3/4/13,11306,Monday,3,3,2013,766,0,0,0,0,27
766,3/5/13,11306,Tuesday,4,3,2013,767,0,0,0,0,32
767,3/6/13,11306,Wednesday,5,3,2013,768,0,0,0,0,19
768,3/7/13,11306,Thursday,6,3,2013,769,0,0,0,0,22
769,3/8/13,11306,Friday,7,3,2013,770,0,0,0,0,34
770,3/9/13,11307,Saturday,1,3,2013,771,0,0,0,0,59
771,3/10/13,11307,Sunday,2,3,2013,772,0,0,0,0,47
772,3/11/13,11307,Monday,3,3,2013,773,0,0,0,0,21
773,3/12/13,11307,Tuesday,4,3,2013,774,0,0,0,0,21
774,3/13/13,11307,Wednesday,5,3,2013,775,0,0,0,0,37
775,3/14/13,11307,Thursday,6,3,2013,776,0,0,0,0,23
776,3/15/13,11307,Friday,7,3,2013,777,0,0,0,0,38
777,3/16/13,11308,Saturday,1,3,2013,778,0,0,0,0,43
778,3/17/13,11308,Sunday,2,3,2013,779,0,1,0,0,41
779,3/18/13,11308,Monday,3,3,2013,780,0,0,0,0,23
780,3/19/13,11308,Tuesday,4,3,2013,781,0,0,0,0,20
781,3/20/13,11308,Wednesday,5,3,2013,782,0,0,0,0,20
782,3/21/13,11308,Thursday,6,3,2013,783,0,0,0,0,16
783,3/22/13,11308,Friday,7,3,2013,784,0,0,0,0,44
784,3/23/13,11309,Saturday,1,3,2013,785,0,0,0,0,56
785,3/24/13,11309,Sunday,2,3,2013,786,0,0,0,0,44
786,3/25/13,11309,Monday,3,3,2013,787,0,0,0,0,36
787,3/26/13,11309,Tuesday,4,3,2013,788,0,0,0,0,39
788,3/27/13,11309,Wednesday,5,3,2013,789,0,0,0,0,22
789,3/28/13,11309,Thursday,6,3,2013,790,0,0,0,0,33
790,3/29/13,11309,Friday,7,3,2013,791,0,0,0,0,56
791,3/30/13,11310,Saturday,1,3,2013,792,0,0,0,0,67
792,3/31/13,11310,Sunday,2,3,2013,793,0,1,0,0,42
793,4/1/13,11310,Monday,3,4,2013,794,0,0,0,0,31
794,4/2/13,11310,Tuesday,4,4,2013,795,0,0,0,1,32
795,4/3/13,11310,Wednesday,5,4,2013,796,0,0,0,0,47
796,4/4/13,11310,Thursday,6,4,2013,797,0,0,0,0,20
797,4/5/13,11310,Friday,7,4,2013,798,0,0,0,0,40
798,4/6/13,11311,Saturday,1,4,2013,799,0,0,0,0,44
799,4/7/13,11311,Sunday,2,4,2013,800,0,0,0,0,48
800,4/8/13,11311,Monday,3,4,2013,801,0,0,0,0,40
801,4/9/13,11311,Tuesday,4,4,2013,802,0,0,0,0,21
802,4/10/13,11311,Wednesday,5,4,2013,803,0,0,0,0,30
803,4/11/13,11311,Thursday,6,4,2013,804,0,0,0,0,37
804,4/12/13,11311,Friday,7,4,2013,805,0,0,0,0,29
805,4/13/13,11312,Saturday,1,4,2013,806,0,0,0,0,59
806,4/14/13,11312,Sunday,2,4,2013,807,0,0,0,0,31
807,4/15/13,11312,Monday,3,4,2013,808,0,0,0,0,25
808,4/16/13,11312,Tuesday,4,4,2013,809,0,0,0,0,23
809,4/17/13,11312,Wednesday,5,4,2013,810,0,0,0,0,25
810,4/18/13,11312,Thursday,6,4,2013,811,0,0,0,0,32
811,4/19/13,11312,Friday,7,4,2013,812,0,0,0,0,46
812,4/20/13,11313,Saturday,1,4,2013,813,0,0,0,0,41
813,4/21/13,11313,Sunday,2,4,2013,814,0,0,0,0,50
814,4/22/13,11313,Monday,3,4,2013,815,0,0,0,0,16
815,4/23/13,11313,Tuesday,4,4,2013,816,0,0,0,0,34
816,4/24/13,11313,Wednesday,5,4,2013,817,0,0,0,0,21
817,4/25/13,11313,Thursday,6,4,2013,818,0,0,0,0,34
818,4/26/13,11313,Friday,7,4,2013,819,0,0,0,0,35
819,4/27/13,11314,Saturday,1,4,2013,820,0,0,0,0,35
820,4/28/13,11314,Sunday,2,4,2013,821,0,0,0,0,45
821,4/29/13,11314,Monday,3,4,2013,822,0,0,0,0,28
822,4/30/13,11314,Tuesday,4,4,2013,823,0,0,0,0,33
823,5/1/13,11314,Wednesday,5,5,2013,824,0,0,0,0,25
824,5/2/13,11314,Thursday,6,5,2013,825,0,0,0,0,40
825,5/3/13,11314,Friday,7,5,2013,826,0,0,0,0,48
826,5/4/13,11315,Saturday,1,5,2013,827,0,0,0,0,73
827,5/5/13,11315,Sunday,2,5,2013,828,0,1,0,1,46
828,5/6/13,11315,Monday,3,5,2013,829,0,0,0,0,20
829,5/7/13,11315,Tuesday,4,5,2013,830,0,0,0,0,34
830,5/8/13,11315,Wednesday,5,5,2013,831,0,0,0,0,25
831,5/9/13,11315,Thursday,6,5,2013,832,0,0,0,0,39
832,5/10/13,11315,Friday,7,5,2013,833,0,0,0,0,39
833,5/11/13,11316,Saturday,1,5,2013,834,0,0,0,0,70
834,5/12/13,11316,Sunday,2,5,2013,835,0,1,0,0,65
835,5/13/13,11316,Monday,3,5,2013,836,0,0,0,0,33
836,5/14/13,11316,Tuesday,4,5,2013,837,0,0,0,0,24
837,5/15/13,11316,Wednesday,5,5,2013,838,0,0,0,0,27
838,5/16/13,11316,Thursday,6,5,2013,839,0,0,0,0,37
839,5/17/13,11316,Friday,7,5,2013,840,0,0,0,0,33
840,5/18/13,11317,Saturday,1,5,2013,841,0,0,0,0,55
841,5/19/13,11317,Sunday,2,5,2013,842,0,0,0,0,59
842,5/20/13,11317,Monday,3,5,2013,843,0,0,0,0,38
843,5/21/13,11317,Tuesday,4,5,2013,844,0,0,0,0,24
844,5/22/13,11317,Wednesday,5,5,2013,845,0,0,0,0,32
845,5/23/13,11317,Thursday,6,5,2013,846,0,0,0,0,26
846,5/24/13,11317,Friday,7,5,2013,847,0,0,0,0,33
847,5/25/13,11318,Saturday,1,5,2013,848,0,0,0,0,34
848,5/26/13,11318,Sunday,2,5,2013,849,0,0,0,0,52
849,5/27/13,11318,Monday,3,5,2013,850,0,0,1,0,35
850,5/28/13,11318,Tuesday,4,5,2013,851,0,0,0,0,26
851,5/29/13,11318,Wednesday,5,5,2013,852,0,0,0,0,19
852,5/30/13,11318,Thursday,6,5,2013,853,0,0,0,0,25
853,5/31/13,11318,Friday,7,5,2013,854,0,0,0,0,31
854,6/1/13,11319,Saturday,1,6,2013,855,0,0,0,0,56
855,6/2/13,11319,Sunday,2,6,2013,856,0,0,0,0,65
856,6/3/13,11319,Monday,3,6,2013,857,0,0,0,0,17
857,6/4/13,11319,Tuesday,4,6,2013,858,0,0,0,0,29
858,6/5/13,11319,Wednesday,5,6,2013,859,0,0,0,0,40
859,6/6/13,11319,Thursday,6,6,2013,860,1,0,0,0,16
860,6/7/13,11319,Friday,7,6,2013,861,0,0,0,0,63
861,6/8/13,11320,Saturday,1,6,2013,862,0,0,0,0,55
862,6/9/13,11320,Sunday,2,6,2013,863,0,0,0,0,56
863,6/10/13,11320,Monday,3,6,2013,864,0,0,0,0,55
864,6/11/13,11320,Tuesday,4,6,2013,865,0,0,0,0,39
865,6/12/13,11320,Wednesday,5,6,2013,866,0,0,0,0,52
866,6/13/13,11320,Thursday,6,6,2013,867,0,0,0,0,48
867,6/14/13,11320,Friday,7,6,2013,868,0,0,0,0,80
868,6/15/13,11321,Saturday,1,6,2013,869,0,0,0,0,64
869,6/16/13,11321,Sunday,2,6,2013,870,0,1,0,0,39
870,6/17/13,11321,Monday,3,6,2013,871,0,0,0,0,28
871,6/18/13,11321,Tuesday,4,6,2013,872,0,0,0,0,38
872,6/19/13,11321,Wednesday,5,6,2013,873,0,0,0,0,40
873,6/20/13,11321,Thursday,6,6,2013,874,1,0,0,0,49
874,6/21/13,11321,Friday,7,6,2013,875,0,0,0,0,57
875,6/22/13,11322,Saturday,1,6,2013,876,0,0,0,0,87
876,6/23/13,11322,Sunday,2,6,2013,877,0,0,0,0,55
877,6/24/13,11322,Monday,3,6,2013,878,0,0,0,0,20
878,6/25/13,11322,Tuesday,4,6,2013,879,0,0,0,0,36
879,6/26/13,11322,Wednesday,5,6,2013,880,0,0,0,0,62
880,6/27/13,11322,Thursday,6,6,2013,881,0,0,0,0,83
881,6/28/13,11322,Friday,7,6,2013,882,0,0,0,0,94
882,6/29/13,11323,Saturday,1,6,2013,883,0,0,0,0,97
883,6/30/13,11323,Sunday,2,6,2013,884,0,0,0,0,101
884,7/1/13,11323,Monday,3,7,2013,885,0,0,0,0,59
885,7/2/13,11323,Tuesday,4,7,2013,886,0,0,0,0,64
886,7/3/13,11323,Wednesday,5,7,2013,887,0,0,0,0,78
887,7/4/13,11323,Thursday,6,7,2013,888,0,0,1,0,83
888,7/5/13,11323,Friday,7,7,2013,889,0,0,0,0,53
889,7/6/13,11324,Saturday,1,7,2013,890,0,0,0,0,56
890,7/7/13,11324,Sunday,2,7,2013,891,0,0,0,0,79
891,7/8/13,11324,Monday,3,7,2013,892,0,0,0,0,67
892,7/9/13,11324,Tuesday,4,7,2013,893,0,0,0,1,52
893,7/10/13,11324,Wednesday,5,7,2013,894,0,0,0,0,41
894,7/11/13,11324,Thursday,6,7,2013,895,0,0,0,0,42
895,7/12/13,11324,Friday,7,7,2013,896,0,0,0,0,83
896,7/13/13,11325,Saturday,1,7,2013,897,0,0,0,0,89
897,7/14/13,11325,Sunday,2,7,2013,898,0,0,0,0,73
898,7/15/13,11325,Monday,3,7,2013,899,0,0,0,0,62
899,7/16/13,11325,Tuesday,4,7,2013,900,0,0,0,0,30
900,7/17/13,11325,Wednesday,5,7,2013,901,0,0,0,0,47
901,7/18/13,11325,Thursday,6,7,2013,902,0,0,0,0,55
902,7/19/13,11325,Friday,7,7,2013,903,0,0,0,0,62
903,7/20/13,11326,Saturday,1,7,2013,904,0,0,0,0,88
904,7/21/13,11326,Sunday,2,7,2013,905,0,0,0,0,100
905,7/22/13,11326,Monday,3,7,2013,906,0,0,0,0,44
906,7/23/13,11326,Tuesday,4,7,2013,907,0,0,0,0,41
907,7/24/13,11326,Wednesday,5,7,2013,908,0,0,0,0,66
908,7/25/13,11326,Thursday,6,7,2013,909,0,0,0,0,41
909,7/26/13,11326,Friday,7,7,2013,910,0,0,0,0,45
910,7/27/13,11327,Saturday,1,7,2013,911,0,0,0,0,82
911,7/28/13,11327,Sunday,2,7,2013,912,0,0,0,0,68
912,7/29/13,11327,Monday,3,7,2013,913,0,0,0,0,34
913,7/30/13,11327,Tuesday,4,7,2013,914,0,0,0,0,43
914,7/31/13,11327,Wednesday,5,7,2013,915,0,0,0,0,49
915,8/1/13,11327,Thursday,6,8,2013,916,0,0,0,0,69
916,8/2/13,11327,Friday,7,8,2013,917,0,0,0,0,69
917,8/3/13,11328,Saturday,1,8,2013,918,0,0,0,0,109
918,8/4/13,11328,Sunday,2,8,2013,919,0,0,0,0,73
919,8/5/13,11328,Monday,3,8,2013,920,0,0,0,0,50
920,8/6/13,11328,Tuesday,4,8,2013,921,0,0,0,0,40
921,8/7/13,11328,Wednesday,5,8,2013,922,0,0,0,0,42
922,8/8/13,11328,Thursday,6,8,2013,923,0,0,0,1,60
923,8/9/13,11328,Friday,7,8,2013,924,0,0,0,0,51
924,8/10/13,11329,Saturday,1,8,2013,925,0,0,0,0,95
925,8/11/13,11329,Sunday,2,8,2013,926,0,0,0,0,120
926,8/12/13,11329,Monday,3,8,2013,927,0,0,0,0,58
927,8/13/13,11329,Tuesday,4,8,2013,928,0,0,0,0,33
928,8/14/13,11329,Wednesday,5,8,2013,929,0,0,0,0,52
929,8/15/13,11329,Thursday,6,8,2013,930,0,0,0,0,60
930,8/16/13,11329,Friday,7,8,2013,931,0,0,0,0,85
931,8/17/13,11330,Saturday,1,8,2013,932,0,0,0,0,101
932,8/18/13,11330,Sunday,2,8,2013,933,0,0,0,0,112
933,8/19/13,11330,Monday,3,8,2013,934,0,0,0,0,49
934,8/20/13,11330,Tuesday,4,8,2013,935,0,0,0,0,53
935,8/21/13,11330,Wednesday,5,8,2013,936,0,0,0,0,52
936,8/22/13,11330,Thursday,6,8,2013,937,0,0,0,0,48
937,8/23/13,11330,Friday,7,8,2013,938,0,0,0,0,52
938,8/24/13,11331,Saturday,1,8,2013,939,0,0,0,0,82
939,8/25/13,11331,Sunday,2,8,2013,940,0,0,0,0,110
940,8/26/13,11331,Monday,3,8,2013,941,0,0,0,0,33
941,8/27/13,11331,Tuesday,4,8,2013,942,0,0,0,0,64
942,8/28/13,11331,Wednesday,5,8,2013,943,0,0,0,0,35
943,8/29/13,11331,Thursday,6,8,2013,944,0,0,0,0,41
944,8/30/13,11331,Friday,7,8,2013,945,0,0,0,0,73
945,8/31/13,11332,Saturday,1,8,2013,946,0,0,0,0,147
946,9/1/13,11332,Sunday,2,9,2013,947,0,0,0,0,89
947,9/2/13,11332,Monday,3,9,2013,948,0,0,1,0,52
948,9/3/13,11332,Tuesday,4,9,2013,949,0,0,0,0,41
949,9/4/13,11332,Wednesday,5,9,2013,950,0,0,0,0,58
950,9/5/13,11332,Thursday,6,9,2013,951,0,0,0,0,52
951,9/6/13,11332,Friday,7,9,2013,952,0,0,0,0,63
952,9/7/13,11333,Saturday,1,9,2013,953,0,0,0,0,99
953,9/8/13,11333,Sunday,2,9,2013,954,0,0,0,0,87
954,9/9/13,11333,Monday,3,9,2013,955,0,0,0,0,42
955,9/10/13,11333,Tuesday,4,9,2013,956,0,0,0,0,37
956,9/11/13,11333,Wednesday,5,9,2013,957,0,0,0,0,35
957,9/12/13,11333,Thursday,6,9,2013,958,0,0,0,0,45
958,9/13/13,11333,Friday,7,9,2013,959,0,0,0,0,67
959,9/14/13,11334,Saturday,1,9,2013,960,0,0,0,0,78
960,9/15/13,11334,Sunday,2,9,2013,961,0,0,0,0,70
961,9/16/13,11334,Monday,3,9,2013,962,0,0,0,0,44
962,9/17/13,11334,Tuesday,4,9,2013,963,0,0,0,0,32
963,9/18/13,11334,Wednesday,5,9,2013,964,0,0,0,0,46
964,9/19/13,11334,Thursday,6,9,2013,965,0,0,0,0,48
965,9/20/13,11334,Friday,7,9,2013,966,0,0,0,0,35
966,9/21/13,11335,Saturday,1,9,2013,967,0,0,0,0,64
967,9/22/13,11335,Sunday,2,9,2013,968,0,0,0,0,72
968,9/23/13,11335,Monday,3,9,2013,969,0,0,0,0,38
969,9/24/13,11335,Tuesday,4,9,2013,970,0,0,0,0,25
970,9/25/13,11335,Wednesday,5,9,2013,971,0,0,0,0,20
971,9/26/13,11335,Thursday,6,9,2013,972,0,0,0,0,24
972,9/27/13,11335,Friday,7,9,2013,973,0,0,0,0,45
973,9/28/13,11336,Saturday,1,9,2013,974,0,0,0,0,75
974,9/29/13,11336,Sunday,2,9,2013,975,0,0,0,0,68
975,9/30/13,11336,Monday,3,9,2013,976,0,0,0,0,30
976,10/1/13,11336,Tuesday,4,10,2013,977,0,0,0,0,34
977,10/2/13,11336,Wednesday,5,10,2013,978,0,0,0,0,29
978,10/3/13,11336,Thursday,6,10,2013,979,0,0,0,0,30
979,10/4/13,11336,Friday,7,10,2013,980,0,0,0,0,55
980,10/5/13,11337,Saturday,1,10,2013,981,0,0,0,0,87
981,10/6/13,11337,Sunday,2,10,2013,982,0,0,0,0,74
982,10/7/13,11337,Monday,3,10,2013,983,0,0,0,0,34
983,10/8/13,11337,Tuesday,4,10,2013,984,0,0,0,0,26
984,10/9/13,11337,Wednesday,5,10,2013,985,0,0,0,0,32
985,10/10/13,11337,Thursday,6,10,2013,986,0,0,0,0,39
986,10/11/13,11337,Friday,7,10,2013,987,0,0,0,0,34
987,10/12/13,11338,Saturday,1,10,2013,988,0,0,0,0,75
988,10/13/13,11338,Sunday,2,10,2013,989,0,0,0,0,64
989,10/14/13,11338,Monday,3,10,2013,990,0,0,1,0,44
990,10/15/13,11338,Tuesday,4,10,2013,991,0,0,0,1,22
991,10/16/13,11338,Wednesday,5,10,2013,992,0,0,0,0,21
992,10/17/13,11338,Thursday,6,10,2013,993,0,0,0,0,26
993,10/18/13,11338,Friday,7,10,2013,994,0,0,0,0,36
994,10/19/13,11339,Saturday,1,10,2013,995,0,0,0,0,76
995,10/20/13,11339,Sunday,2,10,2013,996,0,0,0,0,72
996,10/21/13,11339,Monday,3,10,2013,997,0,0,0,0,31
997,10/22/13,11339,Tuesday,4,10,2013,998,0,0,0,0,26
998,10/23/13,11339,Wednesday,5,10,2013,999,0,0,0,0,29
999,10/24/13,11339,Thursday,6,10,2013,1000,0,0,0,0,17
1000,10/25/13,11339,Friday,7,10,2013,1001,0,0,0,0,46
1001,10/26/13,11340,Saturday,1,10,2013,1002,0,0,0,0,73
1002,10/27/13,11340,Sunday,2,10,2013,1003,0,0,0,0,56
1003,10/28/13,11340,Monday,3,10,2013,1004,0,0,0,0,25
1004,10/29/13,11340,Tuesday,4,10,2013,1005,0,0,0,0,41
1005,10/30/13,11340,Wednesday,5,10,2013,1006,0,0,0,0,35
1006,10/31/13,11340,Thursday,6,10,2013,1007,0,1,0,0,31
1007,11/1/13,11340,Friday,7,11,2013,1008,0,0,0,0,63
1008,11/2/13,11341,Saturday,1,11,2013,1009,0,0,0,0,55
1009,11/3/13,11341,Sunday,2,11,2013,1010,0,0,0,0,65
1010,11/4/13,11341,Monday,3,11,2013,1011,0,0,0,0,32
1011,11/5/13,11341,Tuesday,4,11,2013,1012,0,0,0,0,33
1012,11/6/13,11341,Wednesday,5,11,2013,1013,0,0,0,0,26
1013,11/7/13,11341,Thursday,6,11,2013,1014,0,0,0,0,30
1014,11/8/13,11341,Friday,7,11,2013,1015,0,0,0,0,33
1015,11/9/13,11342,Saturday,1,11,2013,1016,0,0,0,0,61
1016,11/10/13,11342,Sunday,2,11,2013,1017,0,0,0,0,86
1017,11/11/13,11342,Monday,3,11,2013,1018,0,0,1,0,60
1018,11/12/13,11342,Tuesday,4,11,2013,1019,0,0,0,0,26
1019,11/13/13,11342,Wednesday,5,11,2013,1020,0,0,0,0,32
1020,11/14/13,11342,Thursday,6,11,2013,1021,0,0,0,0,32
1021,11/15/13,11342,Friday,7,11,2013,1022,0,0,0,0,43
1022,11/16/13,11343,Saturday,1,11,2013,1023,0,0,0,0,54
1023,11/17/13,11343,Sunday,2,11,2013,1024,0,0,0,0,58
1024,11/18/13,11343,Monday,3,11,2013,1025,0,0,0,0,28
1025,11/19/13,11343,Tuesday,4,11,2013,1026,0,0,0,0,16
1026,11/20/13,11343,Wednesday,5,11,2013,1027,0,0,0,0,31
1027,11/21/13,11343,Thursday,6,11,2013,1028,0,0,0,0,33
1028,11/22/13,11343,Friday,7,11,2013,1029,0,0,0,0,39
1029,11/23/13,11344,Saturday,1,11,2013,1030,0,0,0,0,67
1030,11/24/13,11344,Sunday,2,11,2013,1031,0,0,0,0,57
1031,11/25/13,11344,Monday,3,11,2013,1032,0,0,0,0,41
1032,11/26/13,11344,Tuesday,4,11,2013,1033,0,0,0,0,51
1033,11/27/13,11344,Wednesday,5,11,2013,1034,0,0,0,0,42
1034,11/28/13,11344,Thursday,6,11,2013,1035,0,0,1,0,91
1035,11/29/13,11344,Friday,7,11,2013,1036,0,0,0,0,50
1036,11/30/13,11345,Saturday,1,11,2013,1037,0,0,0,0,45
1037,12/1/13,11345,Sunday,2,12,2013,1038,0,0,0,0,52
1038,12/2/13,11345,Monday,3,12,2013,1039,0,0,0,0,26
1039,12/3/13,11345,Tuesday,4,12,2013,1040,0,0,0,0,25
1040,12/4/13,11345,Wednesday,5,12,2013,1041,0,0,0,0,27
1041,12/5/13,11345,Thursday,6,12,2013,1042,0,0,0,1,38
1042,12/6/13,11345,Friday,7,12,2013,1043,0,0,0,0,41
1043,12/7/13,11346,Saturday,1,12,2013,1044,0,0,0,0,49
1044,12/8/13,11346,Sunday,2,12,2013,1045,0,0,0,0,40
1045,12/9/13,11346,Monday,3,12,2013,1046,0,0,0,0,29
1046,12/10/13,11346,Tuesday,4,12,2013,1047,0,0,0,0,29
1047,12/11/13,11346,Wednesday,5,12,2013,1048,0,0,0,0,35
1048,12/12/13,11346,Thursday,6,12,2013,1049,0,0,0,0,21
1049,12/13/13,11346,Friday,7,12,2013,1050,0,0,0,0,38
1050,12/14/13,11347,Saturday,1,12,2013,1051,0,0,0,0,73
1051,12/15/13,11347,Sunday,2,12,2013,1052,0,0,0,0,73
1052,12/16/13,11347,Monday,3,12,2013,1053,0,0,0,0,40
1053,12/17/13,11347,Tuesday,4,12,2013,1054,0,0,0,0,36
1054,12/18/13,11347,Wednesday,5,12,2013,1055,0,0,0,0,48
1055,12/19/13,11347,Thursday,6,12,2013,1056,0,0,0,0,48
1056,12/20/13,11347,Friday,7,12,2013,1057,0,0,0,0,49
1057,12/21/13,11348,Saturday,1,12,2013,1058,0,0,0,0,84
1058,12/22/13,11348,Sunday,2,12,2013,1059,0,0,0,0,104
1059,12/23/13,11348,Monday,3,12,2013,1060,0,0,0,0,68
1060,12/24/13,11348,Tuesday,4,12,2013,1061,0,0,0,0,53
1061,12/25/13,11348,Wednesday,5,12,2013,1062,0,0,1,0,52
1062,12/26/13,11348,Thursday,6,12,2013,1063,0,0,0,0,51
1063,12/27/13,11348,Friday,7,12,2013,1064,0,0,0,0,33
1064,12/28/13,11349,Saturday,1,12,2013,1065,0,0,0,0,52
1065,12/29/13,11349,Sunday,2,12,2013,1066,0,0,0,0,40
1066,12/30/13,11349,Monday,3,12,2013,1067,0,0,0,0,35
1067,12/31/13,11349,Tuesday,4,12,2013,1068,0,0,0,0,37
1068,1/1/14,11349,Wednesday,5,1,2014,1069,0,0,1,0,29
1069,1/2/14,11349,Thursday,6,1,2014,1070,0,0,0,0,28
1070,1/3/14,11349,Friday,7,1,2014,1071,0,0,0,0,40
1071,1/4/14,11350,Saturday,1,1,2014,1072,0,0,0,0,36
1072,1/5/14,11350,Sunday,2,1,2014,1073,0,0,0,0,32
1073,1/6/14,11350,Monday,3,1,2014,1074,0,0,0,0,16
1074,1/7/14,11350,Tuesday,4,1,2014,1075,0,0,0,1,18
1075,1/8/14,11350,Wednesday,5,1,2014,1076,0,0,0,0,24
1076,1/9/14,11350,Thursday,6,1,2014,1077,0,0,0,0,20
1077,1/10/14,11350,Friday,7,1,2014,1078,0,0,0,0,31
1078,1/11/14,11351,Saturday,1,1,2014,1079,0,0,0,0,43
1079,1/12/14,11351,Sunday,2,1,2014,1080,0,0,0,0,41
1080,1/13/14,11351,Monday,3,1,2014,1081,0,0,0,0,21
1081,1/14/14,11351,Tuesday,4,1,2014,1082,0,0,0,0,12
1082,1/15/14,11351,Wednesday,5,1,2014,1083,0,0,0,0,16
1083,1/16/14,11351,Thursday,6,1,2014,1084,0,0,0,0,23
1084,1/17/14,11351,Friday,7,1,2014,1085,0,0,0,0,40
1085,1/18/14,11352,Saturday,1,1,2014,1086,0,0,0,0,47
1086,1/19/14,11352,Sunday,2,1,2014,1087,0,0,0,0,38
1087,1/20/14,11352,Monday,3,1,2014,1088,0,0,1,0,37
1088,1/21/14,11352,Tuesday,4,1,2014,1089,0,0,0,0,21
1089,1/22/14,11352,Wednesday,5,1,2014,1090,0,0,0,0,15
1090,1/23/14,11352,Thursday,6,1,2014,1091,0,0,0,0,27
1091,1/24/14,11352,Friday,7,1,2014,1092,0,0,0,0,34
1092,1/25/14,11353,Saturday,1,1,2014,1093,0,0,0,0,62
1093,1/26/14,11353,Sunday,2,1,2014,1094,0,0,0,0,45
1094,1/27/14,11353,Monday,3,1,2014,1095,0,0,0,0,15
1095,1/28/14,11353,Tuesday,4,1,2014,1096,0,0,0,0,34
1096,1/29/14,11353,Wednesday,5,1,2014,1097,0,0,0,0,16
1097,1/30/14,11353,Thursday,6,1,2014,1098,0,0,0,0,33
1098,1/31/14,11353,Friday,7,1,2014,1099,0,0,0,0,37
1099,2/1/14,11401,Saturday,1,2,2014,1100,0,0,0,0,52
1100,2/2/14,11401,Sunday,2,2,2014,1101,1,0,0,0,31
1101,2/3/14,11401,Monday,3,2,2014,1102,0,0,0,0,28
1102,2/4/14,11401,Tuesday,4,2,2014,1103,0,0,0,0,17
1103,2/5/14,11401,Wednesday,5,2,2014,1104,0,0,0,0,20
1104,2/6/14,11401,Thursday,6,2,2014,1105,0,0,0,0,19
1105,2/7/14,11401,Friday,7,2,2014,1106,0,0,0,0,27
1106,2/8/14,11402,Saturday,1,2,2014,1107,0,0,0,0,54
1107,2/9/14,11402,Sunday,2,2,2014,1108,0,0,0,0,49
1108,2/10/14,11402,Monday,3,2,2014,1109,0,0,0,0,24
1109,2/11/14,11402,Tuesday,4,2,2014,1110,0,0,0,0,30
1110,2/12/14,11402,Wednesday,5,2,2014,1111,0,0,0,0,26
1111,2/13/14,11402,Thursday,6,2,2014,1112,0,0,0,0,44
1112,2/14/14,11402,Friday,7,2,2014,1113,0,1,0,0,34
1113,2/15/14,11403,Saturday,1,2,2014,1114,0,0,0,0,49
1114,2/16/14,11403,Sunday,2,2,2014,1115,0,0,0,0,45
1115,2/17/14,11403,Monday,3,2,2014,1116,0,0,1,0,34
1116,2/18/14,11403,Tuesday,4,2,2014,1117,0,0,0,0,11
1117,2/19/14,11403,Wednesday,5,2,2014,1118,0,0,0,0,29
1118,2/20/14,11403,Thursday,6,2,2014,1119,0,0,0,0,30
1119,2/21/14,11403,Friday,7,2,2014,1120,0,0,0,0,46
1120,2/22/14,11404,Saturday,1,2,2014,1121,0,0,0,0,46
1121,2/23/14,11404,Sunday,2,2,2014,1122,0,0,0,0,41
1122,2/24/14,11404,Monday,3,2,2014,1123,0,0,0,0,20
1123,2/25/14,11404,Tuesday,4,2,2014,1124,0,0,0,0,23
1124,2/26/14,11404,Wednesday,5,2,2014,1125,0,0,0,0,16
1125,2/27/14,11404,Thursday,6,2,2014,1126,0,0,0,0,20
1126,2/28/14,11404,Friday,7,2,2014,1127,0,0,0,0,27
1127,3/1/14,11405,Saturday,1,3,2014,1128,0,0,0,0,56
1128,3/2/14,11405,Sunday,2,3,2014,1129,0,0,0,0,47
1129,3/3/14,11405,Monday,3,3,2014,1130,0,0,0,0,27
1130,3/4/14,11405,Tuesday,4,3,2014,1131,0,0,0,0,27
1131,3/5/14,11405,Wednesday,5,3,2014,1132,0,0,0,1,27
1132,3/6/14,11405,Thursday,6,3,2014,1133,0,0,0,0,32
1133,3/7/14,11405,Friday,7,3,2014,1134,0,0,0,0,38
1134,3/8/14,11406,Saturday,1,3,2014,1135,0,0,0,0,46
1135,3/9/14,11406,Sunday,2,3,2014,1136,0,0,0,0,47
1136,3/10/14,11406,Monday,3,3,2014,1137,0,0,0,0,30
1137,3/11/14,11406,Tuesday,4,3,2014,1138,0,0,0,0,30
1138,3/12/14,11406,Wednesday,5,3,2014,1139,0,0,0,1,30
1139,3/13/14,11406,Thursday,6,3,2014,1140,0,0,0,0,26
1140,3/14/14,11406,Friday,7,3,2014,1141,0,0,0,0,29
1141,3/15/14,11407,Saturday,1,3,2014,1142,0,0,0,0,64
1142,3/16/14,11407,Sunday,2,3,2014,1143,0,0,0,1,74
1143,3/17/14,11407,Monday,3,3,2014,1144,0,1,0,0,22
1144,3/18/14,11407,Tuesday,4,3,2014,1145,0,0,0,0,24
1145,3/19/14,11407,Wednesday,5,3,2014,1146,0,0,0,0,30
1146,3/20/14,11407,Thursday,6,3,2014,1147,0,0,0,0,30
1147,3/21/14,11407,Friday,7,3,2014,1148,0,0,0,0,32
1148,3/22/14,11408,Saturday,1,3,2014,1149,0,0,0,0,53
1149,3/23/14,11408,Sunday,2,3,2014,1150,0,0,0,0,39
1150,3/24/14,11408,Monday,3,3,2014,1151,0,0,0,0,35
1151,3/25/14,11408,Tuesday,4,3,2014,1152,0,0,0,0,32
1152,3/26/14,11408,Wednesday,5,3,2014,1153,0,0,0,0,25
1153,3/27/14,11408,Thursday,6,3,2014,1154,0,0,0,0,18
1154,3/28/14,11408,Friday,7,3,2014,1155,0,0,0,0,31
1155,3/29/14,11409,Saturday,1,3,2014,1156,0,0,0,0,52
1156,3/30/14,11409,Sunday,2,3,2014,1157,0,0,0,0,50
1157,3/31/14,11409,Monday,3,3,2014,1158,0,0,0,0,19
1158,4/1/14,11409,Tuesday,4,4,2014,1159,0,0,0,0,16
1159,4/2/14,11409,Wednesday,5,4,2014,1160,0,0,0,0,21
1160,4/3/14,11409,Thursday,6,4,2014,1161,0,0,0,0,36
1161,4/4/14,11409,Friday,7,4,2014,1162,0,0,0,0,31
1162,4/5/14,11410,Saturday,1,4,2014,1163,0,0,0,0,60
1163,4/6/14,11410,Sunday,2,4,2014,1164,0,0,0,0,77
1164,4/7/14,11410,Monday,3,4,2014,1165,0,0,0,0,57
1165,4/8/14,11410,Tuesday,4,4,2014,1166,0,0,0,0,37
1166,4/9/14,11410,Wednesday,5,4,2014,1167,0,0,0,0,43
1167,4/10/14,11410,Thursday,6,4,2014,1168,0,0,0,0,42
1168,4/11/14,11410,Friday,7,4,2014,1169,0,0,0,0,33
1169,4/12/14,11411,Saturday,1,4,2014,1170,0,0,0,0,53
1170,4/13/14,11411,Sunday,2,4,2014,1171,0,0,0,0,50
1171,4/14/14,11411,Monday,3,4,2014,1172,0,0,0,0,40
1172,4/15/14,11411,Tuesday,4,4,2014,1173,0,0,0,0,28
1173,4/16/14,11411,Wednesday,5,4,2014,1174,0,0,0,0,46
1174,4/17/14,11411,Thursday,6,4,2014,1175,0,0,0,0,42
1175,4/18/14,11411,Friday,7,4,2014,1176,0,0,0,0,56
1176,4/19/14,11412,Saturday,1,4,2014,1177,0,0,0,0,71
1177,4/20/14,11412,Sunday,2,4,2014,1178,0,1,0,1,46
1178,4/21/14,11412,Monday,3,4,2014,1179,0,0,0,0,28
1179,4/22/14,11412,Tuesday,4,4,2014,1180,0,0,0,1,29
1180,4/23/14,11412,Wednesday,5,4,2014,1181,0,0,0,0,27
1181,4/24/14,11412,Thursday,6,4,2014,1182,0,0,0,0,38
1182,4/25/14,11412,Friday,7,4,2014,1183,0,0,0,0,38
1183,4/26/14,11413,Saturday,1,4,2014,1184,0,0,0,0,33
1184,4/27/14,11413,Sunday,2,4,2014,1185,0,0,0,0,39
1185,4/28/14,11413,Monday,3,4,2014,1186,0,0,0,0,20
1186,4/29/14,11413,Tuesday,4,4,2014,1187,0,0,0,0,39
1187,4/30/14,11413,Wednesday,5,4,2014,1188,0,0,0,0,28
1188,5/1/14,11413,Thursday,6,5,2014,1189,0,0,0,0,48
1189,5/2/14,11413,Friday,7,5,2014,1190,0,0,0,0,60
1190,5/3/14,11414,Saturday,1,5,2014,1191,0,0,0,0,42
1191,5/4/14,11414,Sunday,2,5,2014,1192,0,0,0,0,60
1192,5/5/14,11414,Monday,3,5,2014,1193,0,1,0,0,27
1193,5/6/14,11414,Tuesday,4,5,2014,1194,0,0,0,0,28
1194,5/7/14,11414,Wednesday,5,5,2014,1195,0,0,0,0,35
1195,5/8/14,11414,Thursday,6,5,2014,1196,0,0,0,0,29
1196,5/9/14,11414,Friday,7,5,2014,1197,0,0,0,0,51
1197,5/10/14,11415,Saturday,1,5,2014,1198,0,0,0,0,67
1198,5/11/14,11415,Sunday,2,5,2014,1199,0,1,0,0,57
1199,5/12/14,11415,Monday,3,5,2014,1200,0,0,0,0,27
1200,5/13/14,11415,Tuesday,4,5,2014,1201,0,0,0,0,55
1201,5/14/14,11415,Wednesday,5,5,2014,1202,0,0,0,0,39
1202,5/15/14,11415,Thursday,6,5,2014,1203,0,0,0,0,58
1203,5/16/14,11415,Friday,7,5,2014,1204,0,0,0,0,57
1204,5/17/14,11416,Saturday,1,5,2014,1205,0,0,0,0,48
1205,5/18/14,11416,Sunday,2,5,2014,1206,0,0,0,0,33
1206,5/19/14,11416,Monday,3,5,2014,1207,0,0,0,0,30
1207,5/20/14,11416,Tuesday,4,5,2014,1208,0,0,0,0,27
1208,5/21/14,11416,Wednesday,5,5,2014,1209,0,0,0,0,31
1209,5/22/14,11416,Thursday,6,5,2014,1210,0,0,0,0,23
1210,5/23/14,11416,Friday,7,5,2014,1211,0,0,0,0,39
1211,5/24/14,11417,Saturday,1,5,2014,1212,0,0,0,0,68
1212,5/25/14,11417,Sunday,2,5,2014,1213,0,0,0,0,70
1213,5/26/14,11417,Monday,3,5,2014,1214,0,0,1,0,55
1214,5/27/14,11417,Tuesday,4,5,2014,1215,0,0,0,0,29
1215,5/28/14,11417,Wednesday,5,5,2014,1216,0,0,0,0,16
1216,5/29/14,11417,Thursday,6,5,2014,1217,0,0,0,0,47
1217,5/30/14,11417,Friday,7,5,2014,1218,0,0,0,0,39
1218,5/31/14,11418,Saturday,1,5,2014,1219,0,0,0,0,56
1219,6/1/14,11418,Sunday,2,6,2014,1220,0,0,0,0,63
1220,6/2/14,11418,Monday,3,6,2014,1221,0,0,0,0,50
1221,6/3/14,11418,Tuesday,4,6,2014,1222,0,0,0,0,20
1222,6/4/14,11418,Wednesday,5,6,2014,1223,0,0,0,0,31
1223,6/5/14,11418,Thursday,6,6,2014,1224,1,0,0,0,24
1224,6/6/14,11418,Friday,7,6,2014,1225,0,0,0,0,50
1225,6/7/14,11419,Saturday,1,6,2014,1226,0,0,0,0,60
1226,6/8/14,11419,Sunday,2,6,2014,1227,0,0,0,0,102
1227,6/9/14,11419,Monday,3,6,2014,1228,0,0,0,0,66
1228,6/10/14,11419,Tuesday,4,6,2014,1229,0,0,0,0,25
1229,6/11/14,11419,Wednesday,5,6,2014,1230,0,0,0,0,29
1230,6/12/14,11419,Thursday,6,6,2014,1231,0,0,0,0,45
1231,6/13/14,11419,Friday,7,6,2014,1232,0,0,0,0,63
1232,6/14/14,11420,Saturday,1,6,2014,1233,0,0,0,0,43
1233,6/15/14,11420,Sunday,2,6,2014,1234,1,1,0,0,42
1234,6/16/14,11420,Monday,3,6,2014,1235,0,0,0,0,26
1235,6/17/14,11420,Tuesday,4,6,2014,1236,0,0,0,0,17
1236,6/18/14,11420,Wednesday,5,6,2014,1237,0,0,0,0,48
1237,6/19/14,11420,Thursday,6,6,2014,1238,0,0,0,0,40
1238,6/20/14,11420,Friday,7,6,2014,1239,0,0,0,0,62
1239,6/21/14,11421,Saturday,1,6,2014,1240,0,0,0,0,61
1240,6/22/14,11421,Sunday,2,6,2014,1241,0,0,0,0,70
1241,6/23/14,11421,Monday,3,6,2014,1242,0,0,0,0,28
1242,6/24/14,11421,Tuesday,4,6,2014,1243,0,0,0,0,32
1243,6/25/14,11421,Wednesday,5,6,2014,1244,0,0,0,0,28
1244,6/26/14,11421,Thursday,6,6,2014,1245,0,0,0,0,40
1245,6/27/14,11421,Friday,7,6,2014,1246,0,0,0,0,50
1246,6/28/14,11422,Saturday,1,6,2014,1247,0,0,0,0,56
1247,6/29/14,11422,Sunday,2,6,2014,1248,0,0,0,1,86
1248,6/30/14,11422,Monday,3,6,2014,1249,0,0,0,0,21
1249,7/1/14,11422,Tuesday,4,7,2014,1250,0,0,0,0,42
1250,7/2/14,11422,Wednesday,5,7,2014,1251,0,0,0,0,52
1251,7/3/14,11422,Thursday,6,7,2014,1252,0,0,0,0,51
1252,7/4/14,11422,Friday,7,7,2014,1253,0,0,1,0,52
1253,7/5/14,11423,Saturday,1,7,2014,1254,0,0,0,0,40
1254,7/6/14,11423,Sunday,2,7,2014,1255,0,0,0,0,35
1255,7/7/14,11423,Monday,3,7,2014,1256,0,0,0,0,10
1256,7/8/14,11423,Tuesday,4,7,2014,1257,0,0,0,0,6
1257,7/9/14,11423,Wednesday,5,7,2014,1258,0,0,0,0,51
1258,7/10/14,11423,Thursday,6,7,2014,1259,0,0,0,0,49
1259,7/11/14,11423,Friday,7,7,2014,1260,0,0,0,0,57
1260,7/12/14,11424,Saturday,1,7,2014,1261,0,0,0,0,64
1261,7/13/14,11424,Sunday,2,7,2014,1262,0,0,0,0,61
1262,7/14/14,11424,Monday,3,7,2014,1263,0,0,0,0,30
1263,7/15/14,11424,Tuesday,4,7,2014,1264,0,0,0,0,54
1264,7/16/14,11424,Wednesday,5,7,2014,1265,0,0,0,0,42
1265,7/17/14,11424,Thursday,6,7,2014,1266,0,0,0,0,39
1266,7/18/14,11424,Friday,7,7,2014,1267,0,0,0,0,45
1267,7/19/14,11425,Saturday,1,7,2014,1268,0,0,0,0,64
1268,7/20/14,11425,Sunday,2,7,2014,1269,0,0,0,0,86
1269,7/21/14,11425,Monday,3,7,2014,1270,0,0,0,0,47
1270,7/22/14,11425,Tuesday,4,7,2014,1271,0,0,0,0,34
1271,7/23/14,11425,Wednesday,5,7,2014,1272,0,0,0,0,49
1272,7/24/14,11425,Thursday,6,7,2014,1273,0,0,0,0,53
1273,7/25/14,11425,Friday,7,7,2014,1274,0,0,0,0,66
1274,7/26/14,11426,Saturday,1,7,2014,1275,0,0,0,0,85
1275,7/27/14,11426,Sunday,2,7,2014,1276,0,0,0,0,68
1276,7/28/14,11426,Monday,3,7,2014,1277,0,0,0,0,40
1277,7/29/14,11426,Tuesday,4,7,2014,1278,0,0,0,1,38
1278,7/30/14,11426,Wednesday,5,7,2014,1279,0,0,0,0,46
1279,7/31/14,11426,Thursday,6,7,2014,1280,0,0,0,0,60
1280,8/1/14,11426,Friday,7,8,2014,1281,0,0,0,0,71
1281,8/2/14,11427,Saturday,1,8,2014,1282,0,0,0,0,90
1282,8/3/14,11427,Sunday,2,8,2014,1283,0,0,0,0,64
1283,8/4/14,11427,Monday,3,8,2014,1284,0,0,0,0,42
1284,8/5/14,11427,Tuesday,4,8,2014,1285,0,0,0,0,46
1285,8/6/14,11427,Wednesday,5,8,2014,1286,0,0,0,0,63
1286,8/7/14,11427,Thursday,6,8,2014,1287,0,0,0,0,54
1287,8/8/14,11427,Friday,7,8,2014,1288,0,0,0,0,48
1288,8/9/14,11428,Saturday,1,8,2014,1289,0,0,0,0,72
1289,8/10/14,11428,Sunday,2,8,2014,1290,0,0,0,0,99
1290,8/11/14,11428,Monday,3,8,2014,1291,0,0,0,0,51
1291,8/12/14,11428,Tuesday,4,8,2014,1292,0,0,0,0,54
1292,8/13/14,11428,Wednesday,5,8,2014,1293,0,0,0,0,50
1293,8/14/14,11428,Thursday,6,8,2014,1294,0,0,0,0,49
1294,8/15/14,11428,Friday,7,8,2014,1295,0,0,0,0,56
1295,8/16/14,11429,Saturday,1,8,2014,1296,0,0,0,0,98
1296,8/17/14,11429,Sunday,2,8,2014,1297,0,0,0,0,116
1297,8/18/14,11429,Monday,3,8,2014,1298,0,0,0,0,59
1298,8/19/14,11429,Tuesday,4,8,2014,1299,0,0,0,0,45
1299,8/20/14,11429,Wednesday,5,8,2014,1300,0,0,0,0,29
1300,8/21/14,11429,Thursday,6,8,2014,1301,0,0,0,0,43
1301,8/22/14,11429,Friday,7,8,2014,1302,0,0,0,0,56
1302,8/23/14,11430,Saturday,1,8,2014,1303,0,0,0,0,74
1303,8/24/14,11430,Sunday,2,8,2014,1304,0,0,0,0,78
1304,8/25/14,11430,Monday,3,8,2014,1305,0,0,0,0,33
1305,8/26/14,11430,Tuesday,4,8,2014,1306,0,0,0,0,42
1306,8/27/14,11430,Wednesday,5,8,2014,1307,0,0,0,0,26
1307,8/28/14,11430,Thursday,6,8,2014,1308,0,0,0,0,52
1308,8/29/14,11430,Friday,7,8,2014,1309,0,0,0,0,40
1309,8/30/14,11431,Saturday,1,8,2014,1310,0,0,0,0,102
1310,8/31/14,11431,Sunday,2,8,2014,1311,0,0,0,0,69
1311,9/1/14,11431,Monday,3,9,2014,1312,0,0,1,0,81
1312,9/2/14,11431,Tuesday,4,9,2014,1313,0,0,0,0,50
1313,9/3/14,11431,Wednesday,5,9,2014,1314,0,0,0,0,36
1314,9/4/14,11431,Thursday,6,9,2014,1315,0,0,0,0,35
1315,9/5/14,11431,Friday,7,9,2014,1316,0,0,0,0,47
1316,9/6/14,11432,Saturday,1,9,2014,1317,0,0,0,0,64
1317,9/7/14,11432,Sunday,2,9,2014,1318,0,0,0,0,69
1318,9/8/14,11432,Monday,3,9,2014,1319,0,0,0,0,40
1319,9/9/14,11432,Tuesday,4,9,2014,1320,0,0,0,0,46
1320,9/10/14,11432,Wednesday,5,9,2014,1321,0,0,0,0,35
1321,9/11/14,11432,Thursday,6,9,2014,1322,0,0,0,0,33
1322,9/12/14,11432,Friday,7,9,2014,1323,0,0,0,0,55
1323,9/13/14,11433,Saturday,1,9,2014,1324,0,0,0,0,73
1324,9/14/14,11433,Sunday,2,9,2014,1325,0,0,0,0,64
1325,9/15/14,11433,Monday,3,9,2014,1326,0,0,0,0,44
1326,9/16/14,11433,Tuesday,4,9,2014,1327,0,0,0,0,37
1327,9/17/14,11433,Wednesday,5,9,2014,1328,0,0,0,0,37
1328,9/18/14,11433,Thursday,6,9,2014,1329,0,0,0,0,28
1329,9/19/14,11433,Friday,7,9,2014,1330,0,0,0,0,52
1330,9/20/14,11434,Saturday,1,9,2014,1331,0,0,0,0,57
1331,9/21/14,11434,Sunday,2,9,2014,1332,0,0,0,0,84
1332,9/22/14,11434,Monday,3,9,2014,1333,0,0,0,0,47
1333,9/23/14,11434,Tuesday,4,9,2014,1334,0,0,0,0,33
1334,9/24/14,11434,Wednesday,5,9,2014,1335,0,0,0,0,26
1335,9/25/14,11434,Thursday,6,9,2014,1336,0,0,0,0,19
1336,9/26/14,11434,Friday,7,9,2014,1337,0,0,0,0,37
1337,9/27/14,11435,Saturday,1,9,2014,1338,0,0,0,0,72
1338,9/28/14,11435,Sunday,2,9,2014,1339,0,0,0,0,73
1339,9/29/14,11435,Monday,3,9,2014,1340,0,0,0,0,38
1340,9/30/14,11435,Tuesday,4,9,2014,1341,0,0,0,0,26
1341,10/1/14,11435,Wednesday,5,10,2014,1342,0,0,0,0,30
1342,10/2/14,11435,Thursday,6,10,2014,1343,0,0,0,0,38
1343,10/3/14,11435,Friday,7,10,2014,1344,0,0,0,0,63
1344,10/4/14,11436,Saturday,1,10,2014,1345,0,0,0,1,113
1345,10/5/14,11436,Sunday,2,10,2014,1346,0,0,0,0,110
1346,10/6/14,11436,Monday,3,10,2014,1347,0,0,0,0,50
1347,10/7/14,11436,Tuesday,4,10,2014,1348,0,0,0,0,33
1348,10/8/14,11436,Wednesday,5,10,2014,1349,0,0,0,0,46
1349,10/9/14,11436,Thursday,6,10,2014,1350,0,0,0,0,58
1350,10/10/14,11436,Friday,7,10,2014,1351,0,0,0,0,50
1351,10/11/14,11437,Saturday,1,10,2014,1352,0,0,0,0,79
1352,10/12/14,11437,Sunday,2,10,2014,1353,0,0,0,0,75
1353,10/13/14,11437,Monday,3,10,2014,1354,0,0,1,0,30
1354,10/14/14,11437,Tuesday,4,10,2014,1355,0,0,0,0,28
1355,10/15/14,11437,Wednesday,5,10,2014,1356,0,0,0,0,33
1356,10/16/14,11437,Thursday,6,10,2014,1357,0,0,0,0,36
1357,10/17/14,11437,Friday,7,10,2014,1358,0,0,0,0,48
1358,10/18/14,11438,Saturday,1,10,2014,1359,0,0,0,0,79
1359,10/19/14,11438,Sunday,2,10,2014,1360,0,0,0,0,60
1360,10/20/14,11438,Monday,3,10,2014,1361,0,0,0,0,29
1361,10/21/14,11438,Tuesday,4,10,2014,1362,0,0,0,0,30
1362,10/22/14,11438,Wednesday,5,10,2014,1363,0,0,0,0,30
1363,10/23/14,11438,Thursday,6,10,2014,1364,0,0,0,0,46
1364,10/24/14,11438,Friday,7,10,2014,1365,0,0,0,0,49
1365,10/25/14,11439,Saturday,1,10,2014,1366,0,0,0,0,64
1366,10/26/14,11439,Sunday,2,10,2014,1367,0,0,0,0,60
1367,10/27/14,11439,Monday,3,10,2014,1368,0,0,0,0,38
1368,10/28/14,11439,Tuesday,4,10,2014,1369,0,0,0,0,26
1369,10/29/14,11439,Wednesday,5,10,2014,1370,0,0,0,0,39
1370,10/30/14,11439,Thursday,6,10,2014,1371,0,0,0,0,34
1371,10/31/14,11439,Friday,7,10,2014,1372,0,1,0,0,26
1372,11/1/14,11440,Saturday,1,11,2014,1373,0,0,0,0,63
1373,11/2/14,11440,Sunday,2,11,2014,1374,0,0,0,0,57
1374,11/3/14,11440,Monday,3,11,2014,1375,0,0,0,0,42
1375,11/4/14,11440,Tuesday,4,11,2014,1376,0,0,0,0,30
1376,11/5/14,11440,Wednesday,5,11,2014,1377,0,0,0,0,34
1377,11/6/14,11440,Thursday,6,11,2014,1378,0,0,0,0,40
1378,11/7/14,11440,Friday,7,11,2014,1379,0,0,0,0,34
1379,11/8/14,11441,Saturday,1,11,2014,1380,0,0,0,0,72
1380,11/9/14,11441,Sunday,2,11,2014,1381,0,0,0,0,68
1381,11/10/14,11441,Monday,3,11,2014,1382,0,0,0,0,36
1382,11/11/14,11441,Tuesday,4,11,2014,1383,0,0,1,0,38
1383,11/12/14,11441,Wednesday,5,11,2014,1384,0,0,0,0,24
1384,11/13/14,11441,Thursday,6,11,2014,1385,0,0,0,0,27
1385,11/14/14,11441,Friday,7,11,2014,1386,0,0,0,0,44
1386,11/15/14,11442,Saturday,1,11,2014,1387,0,0,0,0,78
1387,11/16/14,11442,Sunday,2,11,2014,1388,0,0,0,0,73
1388,11/17/14,11442,Monday,3,11,2014,1389,0,0,0,0,34
1389,11/18/14,11442,Tuesday,4,11,2014,1390,0,0,0,0,30
1390,11/19/14,11442,Wednesday,5,11,2014,1391,0,0,0,0,33
1391,11/20/14,11442,Thursday,6,11,2014,1392,0,0,0,0,34
1392,11/21/14,11442,Friday,7,11,2014,1393,0,0,0,0,37
1393,11/22/14,11443,Saturday,1,11,2014,1394,0,0,0,0,50
1394,11/23/14,11443,Sunday,2,11,2014,1395,0,0,0,0,60
1395,11/24/14,11443,Monday,3,11,2014,1396,0,0,0,0,30
1396,11/25/14,11443,Tuesday,4,11,2014,1397,0,0,0,0,46
1397,11/26/14,11443,Wednesday,5,11,2014,1398,0,0,0,0,31
1398,11/27/14,11443,Thursday,6,11,2014,1399,0,0,1,0,77
1399,11/28/14,11443,Friday,7,11,2014,1400,0,0,0,0,72
1400,11/29/14,11444,Saturday,1,11,2014,1401,0,0,0,0,42
1401,11/30/14,11444,Sunday,2,11,2014,1402,0,0,0,0,46
1402,12/1/14,11444,Monday,3,12,2014,1403,0,0,0,0,42
1403,12/2/14,11444,Tuesday,4,12,2014,1404,0,0,0,0,31
1404,12/3/14,11444,Wednesday,5,12,2014,1405,0,0,0,0,40
1405,12/4/14,11444,Thursday,6,12,2014,1406,0,0,0,0,23
1406,12/5/14,11444,Friday,7,12,2014,1407,0,0,0,0,44
1407,12/6/14,11445,Saturday,1,12,2014,1408,0,0,0,0,57
1408,12/7/14,11445,Sunday,2,12,2014,1409,0,0,0,0,63
1409,12/8/14,11445,Monday,3,12,2014,1410,0,0,0,0,35
1410,12/9/14,11445,Tuesday,4,12,2014,1411,0,0,0,0,36
1411,12/10/14,11445,Wednesday,5,12,2014,1412,0,0,0,0,51
1412,12/11/14,11445,Thursday,6,12,2014,1413,0,0,0,0,19
1413,12/12/14,11445,Friday,7,12,2014,1414,0,0,0,0,38
1414,12/13/14,11446,Saturday,1,12,2014,1415,0,0,0,0,58
1415,12/14/14,11446,Sunday,2,12,2014,1416,0,0,0,0,37
1416,12/15/14,11446,Monday,3,12,2014,1417,0,0,0,0,31
1417,12/16/14,11446,Tuesday,4,12,2014,1418,0,0,0,0,40
1418,12/17/14,11446,Wednesday,5,12,2014,1419,0,0,0,0,41
1419,12/18/14,11446,Thursday,6,12,2014,1420,0,0,0,0,53
1420,12/19/14,11446,Friday,7,12,2014,1421,0,0,0,0,67
1421,12/20/14,11447,Saturday,1,12,2014,1422,0,0,0,0,65
1422,12/21/14,11447,Sunday,2,12,2014,1423,0,0,0,0,67
1423,12/22/14,11447,Monday,3,12,2014,1424,0,0,0,0,47
1424,12/23/14,11447,Tuesday,4,12,2014,1425,0,0,0,0,60
1425,12/24/14,11447,Wednesday,5,12,2014,1426,0,0,0,1,44
1426,12/25/14,11447,Thursday,6,12,2014,1427,0,0,1,0,42
1427,12/26/14,11447,Friday,7,12,2014,1428,0,0,0,0,41
1428,12/27/14,11448,Saturday,1,12,2014,1429,0,0,0,0,38
1429,12/28/14,11448,Sunday,2,12,2014,1430,0,0,0,0,43
1430,12/29/14,11448,Monday,3,12,2014,1431,0,0,0,0,50
1431,12/30/14,11448,Tuesday,4,12,2014,1432,0,0,0,0,19
1432,12/31/14,11448,Wednesday,5,12,2014,1433,0,0,0,0,37
1433,1/1/15,11448,Thursday,6,1,2015,1434,0,0,1,0,26
1434,1/2/15,11448,Friday,7,1,2015,1435,0,0,0,0,58
1435,1/3/15,11449,Saturday,1,1,2015,1436,0,0,0,0,33
1436,1/4/15,11449,Sunday,2,1,2015,1437,0,0,0,0,41
1437,1/5/15,11449,Monday,3,1,2015,1438,0,0,0,0,38
1438,1/6/15,11449,Tuesday,4,1,2015,1439,0,0,0,0,26
1439,1/7/15,11449,Wednesday,5,1,2015,1440,0,0,0,1,27
1440,1/8/15,11449,Thursday,6,1,2015,1441,0,0,0,0,19
1441,1/9/15,11449,Friday,7,1,2015,1442,0,0,0,0,23
1442,1/10/15,11450,Saturday,1,1,2015,1443,0,0,0,0,49
1443,1/11/15,11450,Sunday,2,1,2015,1444,0,0,0,0,34
1444,1/12/15,11450,Monday,3,1,2015,1445,0,0,0,0,24
1445,1/13/15,11450,Tuesday,4,1,2015,1446,0,0,0,0,20
1446,1/14/15,11450,Wednesday,5,1,2015,1447,0,0,0,0,24
1447,1/15/15,11450,Thursday,6,1,2015,1448,0,0,0,0,35
1448,1/16/15,11450,Friday,7,1,2015,1449,0,0,0,0,42
1449,1/17/15,11451,Saturday,1,1,2015,1450,0,0,0,0,44
1450,1/18/15,11451,Sunday,2,1,2015,1451,0,0,0,0,46
1451,1/19/15,11451,Monday,3,1,2015,1452,0,0,1,0,38
1452,1/20/15,11451,Tuesday,4,1,2015,1453,0,0,0,0,25
1453,1/21/15,11451,Wednesday,5,1,2015,1454,0,0,0,0,24
1454,1/22/15,11451,Thursday,6,1,2015,1455,0,0,0,0,17
1455,1/23/15,11451,Friday,7,1,2015,1456,0,0,0,0,30
1456,1/24/15,11452,Saturday,1,1,2015,1457,0,0,0,0,49
1457,1/25/15,11452,Sunday,2,1,2015,1458,0,0,0,0,48
1458,1/26/15,11452,Monday,3,1,2015,1459,0,0,0,0,14
1459,1/27/15,11452,Tuesday,4,1,2015,1460,0,0,0,0,9
1460,1/28/15,11452,Wednesday,5,1,2015,1461,0,0,0,0,17
1461,1/29/15,11452,Thursday,6,1,2015,1462,0,0,0,0,27
1462,1/30/15,11452,Friday,7,1,2015,1463,0,0,0,0,38
1463,1/31/15,11501,Saturday,1,1,2015,1464,0,0,0,0,55
1464,2/1/15,11501,Sunday,2,2,2015,1465,1,0,0,0,45
1465,2/2/15,11501,Monday,3,2,2015,1466,0,0,0,0,24
1466,2/3/15,11501,Tuesday,4,2,2015,1467,0,0,0,0,35
1467,2/4/15,11501,Wednesday,5,2,2015,1468,0,0,0,0,25
1468,2/5/15,11501,Thursday,6,2,2015,1469,0,0,0,0,29
1469,2/6/15,11501,Friday,7,2,2015,1470,0,0,0,0,30
1470,2/7/15,11502,Saturday,1,2,2015,1471,0,0,0,0,56
1471,2/8/15,11502,Sunday,2,2,2015,1472,0,0,0,0,44
1472,2/9/15,11502,Monday,3,2,2015,1473,0,0,0,0,39
1473,2/10/15,11502,Tuesday,4,2,2015,1474,0,0,0,0,33
1474,2/11/15,11502,Wednesday,5,2,2015,1475,0,0,0,0,32
1475,2/12/15,11502,Thursday,6,2,2015,1476,0,0,0,0,36
1476,2/13/15,11502,Friday,7,2,2015,1477,0,0,0,0,57
1477,2/14/15,11503,Saturday,1,2,2015,1478,0,1,0,0,59
1478,2/15/15,11503,Sunday,2,2,2015,1479,0,0,0,0,58
1479,2/16/15,11503,Monday,3,2,2015,1480,0,0,1,0,42
1480,2/17/15,11503,Tuesday,4,2,2015,1481,0,0,0,0,25
1481,2/18/15,11503,Wednesday,5,2,2015,1482,0,0,0,1,33
1482,2/19/15,11503,Thursday,6,2,2015,1483,0,0,0,0,51
1483,2/20/15,11503,Friday,7,2,2015,1484,0,0,0,0,53
1484,2/21/15,11504,Saturday,1,2,2015,1485,0,0,0,0,48
1485,2/22/15,11504,Sunday,2,2,2015,1486,0,0,0,0,45
1486,2/23/15,11504,Monday,3,2,2015,1487,0,0,0,0,24
1487,2/24/15,11504,Tuesday,4,2,2015,1488,0,0,0,0,22
1488,2/25/15,11504,Wednesday,5,2,2015,1489,0,0,0,1,30
1489,2/26/15,11504,Thursday,6,2,2015,1490,0,0,0,0,24
1490,2/27/15,11504,Friday,7,2,2015,1491,0,0,0,0,34
1491,2/28/15,11505,Saturday,1,2,2015,1492,0,0,0,0,57
1492,3/1/15,11505,Sunday,2,3,2015,1493,0,0,0,0,59
1493,3/2/15,11505,Monday,3,3,2015,1494,0,0,0,0,20
1494,3/3/15,11505,Tuesday,4,3,2015,1495,0,0,0,0,28
1495,3/4/15,11505,Wednesday,5,3,2015,1496,0,0,0,0,21
1496,3/5/15,11505,Thursday,6,3,2015,1497,0,0,0,1,30
1497,3/6/15,11505,Friday,7,3,2015,1498,0,0,0,0,27
1498,3/7/15,11506,Saturday,1,3,2015,1499,0,0,0,0,46
1499,3/8/15,11506,Sunday,2,3,2015,1500,0,0,0,0,74
1500,3/9/15,11506,Monday,3,3,2015,1501,0,0,0,0,43
1501,3/10/15,11506,Tuesday,4,3,2015,1502,0,0,0,0,31
1502,3/11/15,11506,Wednesday,5,3,2015,1503,0,0,0,0,26
1503,3/12/15,11506,Thursday,6,3,2015,1504,0,0,0,0,31
1504,3/13/15,11506,Friday,7,3,2015,1505,0,0,0,0,40
1505,3/14/15,11507,Saturday,1,3,2015,1506,0,0,0,0,80
1506,3/15/15,11507,Sunday,2,3,2015,1507,0,0,0,0,89
1507,3/16/15,11507,Monday,3,3,2015,1508,0,0,0,0,32
1508,3/17/15,11507,Tuesday,4,3,2015,1509,0,1,0,0,30
1509,3/18/15,11507,Wednesday,5,3,2015,1510,0,0,0,0,36
1510,3/19/15,11507,Thursday,6,3,2015,1511,0,0,0,0,27
1511,3/20/15,11507,Friday,7,3,2015,1512,0,0,0,0,51
1512,3/21/15,11508,Saturday,1,3,2015,1513,0,0,0,0,44
1513,3/22/15,11508,Sunday,2,3,2015,1514,0,0,0,0,67
1514,3/23/15,11508,Monday,3,3,2015,1515,0,0,0,0,22
1515,3/24/15,11508,Tuesday,4,3,2015,1516,0,0,0,0,26
1516,3/25/15,11508,Wednesday,5,3,2015,1517,0,0,0,0,26
1517,3/26/15,11508,Thursday,6,3,2015,1518,0,0,0,0,43
1518,3/27/15,11508,Friday,7,3,2015,1519,0,0,0,0,37
1519,3/28/15,11509,Saturday,1,3,2015,1520,0,0,0,0,43
1520,3/29/15,11509,Sunday,2,3,2015,1521,0,0,0,0,76
1521,3/30/15,11509,Monday,3,3,2015,1522,0,0,0,0,26
1522,3/31/15,11509,Tuesday,4,3,2015,1523,0,0,0,0,37
1523,4/1/15,11509,Wednesday,5,4,2015,1524,0,0,0,0,34
1524,4/2/15,11509,Thursday,6,4,2015,1525,0,0,0,0,47
1525,4/3/15,11509,Friday,7,4,2015,1526,0,0,0,0,69
1526,4/4/15,11510,Saturday,1,4,2015,1527,0,0,0,0,58
1527,4/5/15,11510,Sunday,2,4,2015,1528,0,1,0,0,57
1528,4/6/15,11510,Monday,3,4,2015,1529,0,0,0,0,33
1529,4/7/15,11510,Tuesday,4,4,2015,1530,0,0,0,0,29
1530,4/8/15,11510,Wednesday,5,4,2015,1531,0,0,0,0,25
1531,4/9/15,11510,Thursday,6,4,2015,1532,0,0,0,0,29
1532,4/10/15,11510,Friday,7,4,2015,1533,0,0,0,0,43
1533,4/11/15,11511,Saturday,1,4,2015,1534,0,0,0,1,74
1534,4/12/15,11511,Sunday,2,4,2015,1535,0,0,0,1,73
1535,4/13/15,11511,Monday,3,4,2015,1536,0,0,0,0,47
1536,4/14/15,11511,Tuesday,4,4,2015,1537,0,0,0,0,27
1537,4/15/15,11511,Wednesday,5,4,2015,1538,0,0,0,0,27
1538,4/16/15,11511,Thursday,6,4,2015,1539,0,0,0,0,33
1539,4/17/15,11511,Friday,7,4,2015,1540,0,0,0,0,55
1540,4/18/15,11512,Saturday,1,4,2015,1541,0,0,0,0,57
1541,4/19/15,11512,Sunday,2,4,2015,1542,0,0,0,0,59
1542,4/20/15,11512,Monday,3,4,2015,1543,0,0,0,0,24
1543,4/21/15,11512,Tuesday,4,4,2015,1544,0,0,0,0,19
1544,4/22/15,11512,Wednesday,5,4,2015,1545,0,0,0,0,30
1545,4/23/15,11512,Thursday,6,4,2015,1546,0,0,0,0,19
1546,4/24/15,11512,Friday,7,4,2015,1547,0,0,0,0,35
1547,4/25/15,11513,Saturday,1,4,2015,1548,0,0,0,0,59
1548,4/26/15,11513,Sunday,2,4,2015,1549,0,0,0,0,40
1549,4/27/15,11513,Monday,3,4,2015,1550,0,0,0,0,33
1550,4/28/15,11513,Tuesday,4,4,2015,1551,0,0,0,0,34
1551,4/29/15,11513,Wednesday,5,4,2015,1552,0,0,0,0,29
1552,4/30/15,11513,Thursday,6,4,2015,1553,0,0,0,0,31
1553,5/1/15,11513,Friday,7,5,2015,1554,0,0,0,0,67
1554,5/2/15,11514,Saturday,1,5,2015,1555,0,0,0,0,58
1555,5/3/15,11514,Sunday,2,5,2015,1556,0,0,0,0,66
1556,5/4/15,11514,Monday,3,5,2015,1557,0,0,0,0,31
1557,5/5/15,11514,Tuesday,4,5,2015,1558,0,1,0,0,18
1558,5/6/15,11514,Wednesday,5,5,2015,1559,0,0,0,0,40
1559,5/7/15,11514,Thursday,6,5,2015,1560,0,0,0,0,23
1560,5/8/15,11514,Friday,7,5,2015,1561,0,0,0,0,36
1561,5/9/15,11515,Saturday,1,5,2015,1562,0,0,0,0,72
1562,5/10/15,11515,Sunday,2,5,2015,1563,0,1,0,0,63
1563,5/11/15,11515,Monday,3,5,2015,1564,0,0,0,0,25
1564,5/12/15,11515,Tuesday,4,5,2015,1565,0,0,0,0,24
1565,5/13/15,11515,Wednesday,5,5,2015,1566,0,0,0,0,32
1566,5/14/15,11515,Thursday,6,5,2015,1567,0,0,0,0,27
1567,5/15/15,11515,Friday,7,5,2015,1568,0,0,0,0,44
1568,5/16/15,11516,Saturday,1,5,2015,1569,0,0,0,0,57
1569,5/17/15,11516,Sunday,2,5,2015,1570,0,0,0,0,51
1570,5/18/15,11516,Monday,3,5,2015,1571,0,0,0,0,30
1571,5/19/15,11516,Tuesday,4,5,2015,1572,0,0,0,0,31
1572,5/20/15,11516,Wednesday,5,5,2015,1573,0,0,0,0,26
1573,5/21/15,11516,Thursday,6,5,2015,1574,0,0,0,0,17
1574,5/22/15,11516,Friday,7,5,2015,1575,0,0,0,0,43
1575,5/23/15,11517,Saturday,1,5,2015,1576,0,0,0,0,54
1576,5/24/15,11517,Sunday,2,5,2015,1577,0,0,0,0,57
1577,5/25/15,11517,Monday,3,5,2015,1578,0,0,1,0,42
1578,5/26/15,11517,Tuesday,4,5,2015,1579,0,0,0,0,29
1579,5/27/15,11517,Wednesday,5,5,2015,1580,0,0,0,0,14
1580,5/28/15,11517,Thursday,6,5,2015,1581,0,0,0,0,25
1581,5/29/15,11517,Friday,7,5,2015,1582,0,0,0,0,41
1582,5/30/15,11518,Saturday,1,5,2015,1583,0,0,0,0,64
1583,5/31/15,11518,Sunday,2,5,2015,1584,0,0,0,0,49
1584,6/1/15,11518,Monday,3,6,2015,1585,0,0,0,0,37
1585,6/2/15,11518,Tuesday,4,6,2015,1586,0,0,0,0,29
1586,6/3/15,11518,Wednesday,5,6,2015,1587,0,0,0,0,35
1587,6/4/15,11518,Thursday,6,6,2015,1588,1,0,0,0,27
1588,6/5/15,11518,Friday,7,6,2015,1589,0,0,0,0,51
1589,6/6/15,11519,Saturday,1,6,2015,1590,0,0,0,0,69
1590,6/7/15,11519,Sunday,2,6,2015,1591,0,0,0,0,69
1591,6/8/15,11519,Monday,3,6,2015,1592,0,0,0,0,41
1592,6/9/15,11519,Tuesday,4,6,2015,1593,0,0,0,0,35
1593,6/10/15,11519,Wednesday,5,6,2015,1594,0,0,0,0,31
1594,6/11/15,11519,Thursday,6,6,2015,1595,0,0,0,0,31
1595,6/12/15,11519,Friday,7,6,2015,1596,0,0,0,0,48
1596,6/13/15,11520,Saturday,1,6,2015,1597,0,0,0,0,62
1597,6/14/15,11520,Sunday,2,6,2015,1598,0,0,0,0,49
1598,6/15/15,11520,Monday,3,6,2015,1599,0,0,0,0,34
1599,6/16/15,11520,Tuesday,4,6,2015,1600,1,0,0,0,28
1600,6/17/15,11520,Wednesday,5,6,2015,1601,0,0,0,0,35
1601,6/18/15,11520,Thursday,6,6,2015,1602,0,0,0,1,53
1602,6/19/15,11520,Friday,7,6,2015,1603,0,0,0,0,41
1603,6/20/15,11521,Saturday,1,6,2015,1604,0,0,0,0,82
1604,6/21/15,11521,Sunday,2,6,2015,1605,0,1,0,0,61
1605,6/22/15,11521,Monday,3,6,2015,1606,0,0,0,0,48
1606,6/23/15,11521,Tuesday,4,6,2015,1607,0,0,0,0,24
1607,6/24/15,11521,Wednesday,5,6,2015,1608,0,0,0,0,38
1608,6/25/15,11521,Thursday,6,6,2015,1609,0,0,0,0,32
1609,6/26/15,11521,Friday,7,6,2015,1610,0,0,0,0,44
1610,6/27/15,11522,Saturday,1,6,2015,1611,0,0,0,0,52
1611,6/28/15,11522,Sunday,2,6,2015,1612,0,0,0,0,58
1612,6/29/15,11522,Monday,3,6,2015,1613,0,0,0,0,30
1613,6/30/15,11522,Tuesday,4,6,2015,1614,0,0,0,0,39
1614,7/1/15,11522,Wednesday,5,7,2015,1615,0,0,0,0,51
1615,7/2/15,11522,Thursday,6,7,2015,1616,0,0,0,0,47
1616,7/3/15,11522,Friday,7,7,2015,1617,0,0,0,0,84
1617,7/4/15,11523,Saturday,1,7,2015,1618,0,0,1,0,71
1618,7/5/15,11523,Sunday,2,7,2015,1619,0,0,0,0,51
1619,7/6/15,11523,Monday,3,7,2015,1620,0,0,0,0,38
1620,7/7/15,11523,Tuesday,4,7,2015,1621,0,0,0,0,45
1621,7/8/15,11523,Wednesday,5,7,2015,1622,0,0,0,0,27
1622,7/9/15,11523,Thursday,6,7,2015,1623,0,0,0,0,38
1623,7/10/15,11523,Friday,7,7,2015,1624,0,0,0,0,48
1624,7/11/15,11524,Saturday,1,7,2015,1625,0,0,0,0,54
1625,7/12/15,11524,Sunday,2,7,2015,1626,0,0,0,0,61
1626,7/13/15,11524,Monday,3,7,2015,1627,0,0,0,0,42
1627,7/14/15,11524,Tuesday,4,7,2015,1628,0,0,0,0,42
1628,7/15/15,11524,Wednesday,5,7,2015,1629,0,0,0,0,47
1629,7/16/15,11524,Thursday,6,7,2015,1630,0,0,0,0,35
1630,7/17/15,11524,Friday,7,7,2015,1631,0,0,0,0,45
1631,7/18/15,11525,Saturday,1,7,2015,1632,0,0,0,1,61
1632,7/19/15,11525,Sunday,2,7,2015,1633,0,0,0,0,73
1633,7/20/15,11525,Monday,3,7,2015,1634,0,0,0,0,58
1634,7/21/15,11525,Tuesday,4,7,2015,1635,0,0,0,0,39
1635,7/22/15,11525,Wednesday,5,7,2015,1636,0,0,0,0,29
1636,7/23/15,11525,Thursday,6,7,2015,1637,0,0,0,0,42
1637,7/24/15,11525,Friday,7,7,2015,1638,0,0,0,0,55
1638,7/25/15,11526,Saturday,1,7,2015,1639,0,0,0,0,50
1639,7/26/15,11526,Sunday,2,7,2015,1640,0,0,0,0,54
1640,7/27/15,11526,Monday,3,7,2015,1641,0,0,0,0,37
1641,7/28/15,11526,Tuesday,4,7,2015,1642,0,0,0,0,37
1642,7/29/15,11526,Wednesday,5,7,2015,1643,0,0,0,0,35
1643,7/30/15,11526,Thursday,6,7,2015,1644,0,0,0,0,32
1644,7/31/15,11526,Friday,7,7,2015,1645,0,0,0,0,50
1645,8/1/15,11527,Saturday,1,8,2015,1646,0,0,0,0,80
1646,8/2/15,11527,Sunday,2,8,2015,1647,0,0,0,0,60
1647,8/3/15,11527,Monday,3,8,2015,1648,0,0,0,0,46
1648,8/4/15,11527,Tuesday,4,8,2015,1649,0,0,0,0,28
1649,8/5/15,11527,Wednesday,5,8,2015,1650,0,0,0,0,32
1650,8/6/15,11527,Thursday,6,8,2015,1651,0,0,0,0,26
1651,8/7/15,11527,Friday,7,8,2015,1652,0,0,0,0,46
1652,8/8/15,11528,Saturday,1,8,2015,1653,0,0,0,0,68
1653,8/9/15,11528,Sunday,2,8,2015,1654,0,0,0,0,84
1654,8/10/15,11528,Monday,3,8,2015,1655,0,0,0,0,48
1655,8/11/15,11528,Tuesday,4,8,2015,1656,0,0,0,0,45
1656,8/12/15,11528,Wednesday,5,8,2015,1657,0,0,0,0,56
1657,8/13/15,11528,Thursday,6,8,2015,1658,0,0,0,0,46
1658,8/14/15,11528,Friday,7,8,2015,1659,0,0,0,0,63
1659,8/15/15,11529,Saturday,1,8,2015,1660,0,0,0,0,95
1660,8/16/15,11529,Sunday,2,8,2015,1661,0,0,0,0,104
1661,8/17/15,11529,Monday,3,8,2015,1662,0,0,0,0,53
1662,8/18/15,11529,Tuesday,4,8,2015,1663,0,0,0,0,29
1663,8/19/15,11529,Wednesday,5,8,2015,1664,0,0,0,0,36
1664,8/20/15,11529,Thursday,6,8,2015,1665,0,0,0,0,30
1665,8/21/15,11529,Friday,7,8,2015,1666,0,0,0,0,42
1666,8/22/15,11530,Saturday,1,8,2015,1667,0,0,0,0,77
1667,8/23/15,11530,Sunday,2,8,2015,1668,0,0,0,0,60
1668,8/24/15,11530,Monday,3,8,2015,1669,0,0,0,0,29
1669,8/25/15,11530,Tuesday,4,8,2015,1670,0,0,0,0,34
1670,8/26/15,11530,Wednesday,5,8,2015,1671,0,0,0,0,34
1671,8/27/15,11530,Thursday,6,8,2015,1672,0,0,0,0,40
1672,8/28/15,11530,Friday,7,8,2015,1673,0,0,0,0,47
1673,8/29/15,11531,Saturday,1,8,2015,1674,0,0,0,0,64
1674,8/30/15,11531,Sunday,2,8,2015,1675,0,0,0,0,54
1675,8/31/15,11531,Monday,3,8,2015,1676,0,0,0,0,39
1676,9/1/15,11531,Tuesday,4,9,2015,1677,0,0,0,0,28
1677,9/2/15,11531,Wednesday,5,9,2015,1678,0,0,0,0,27
1678,9/3/15,11531,Thursday,6,9,2015,1679,0,0,0,0,30
1679,9/4/15,11531,Friday,7,9,2015,1680,0,0,0,0,32
1680,9/5/15,11532,Saturday,1,9,2015,1681,0,0,0,0,60
1681,9/6/15,11532,Sunday,2,9,2015,1682,0,0,0,0,97
1682,9/7/15,11532,Monday,3,9,2015,1683,0,0,1,0,75
1683,9/8/15,11532,Tuesday,4,9,2015,1684,0,0,0,0,38
1684,9/9/15,11532,Wednesday,5,9,2015,1685,0,0,0,0,45
1685,9/10/15,11532,Thursday,6,9,2015,1686,0,0,0,0,34
1686,9/11/15,11532,Friday,7,9,2015,1687,0,0,0,0,55
1687,9/12/15,11533,Saturday,1,9,2015,1688,0,0,0,0,55
1688,9/13/15,11533,Sunday,2,9,2015,1689,0,0,0,0,65
1689,9/14/15,11533,Monday,3,9,2015,1690,0,0,0,0,14
1690,9/15/15,11533,Tuesday,4,9,2015,1691,0,0,0,0,26
1691,9/16/15,11533,Wednesday,5,9,2015,1692,0,0,0,0,27
1692,9/17/15,11533,Thursday,6,9,2015,1693,0,0,0,0,31
1693,9/18/15,11533,Friday,7,9,2015,1694,0,0,0,0,43
1694,9/19/15,11534,Saturday,1,9,2015,1695,0,0,0,0,83
1695,9/20/15,11534,Sunday,2,9,2015,1696,0,0,0,0,72
1696,9/21/15,11534,Monday,3,9,2015,1697,0,0,0,0,41
1697,9/22/15,11534,Tuesday,4,9,2015,1698,0,0,0,0,32
1698,9/23/15,11534,Wednesday,5,9,2015,1699,0,0,0,0,31
1699,9/24/15,11534,Thursday,6,9,2015,1700,0,0,0,1,38
1700,9/25/15,11534,Friday,7,9,2015,1701,0,0,0,0,44
1701,9/26/15,11535,Saturday,1,9,2015,1702,0,0,0,0,55
1702,9/27/15,11535,Sunday,2,9,2015,1703,0,0,0,0,49
1703,9/28/15,11535,Monday,3,9,2015,1704,0,0,0,0,21
1704,9/29/15,11535,Tuesday,4,9,2015,1705,0,0,0,0,15
1705,9/30/15,11535,Wednesday,5,9,2015,1706,0,0,0,0,20
1706,10/1/15,11535,Thursday,6,10,2015,1707,0,0,0,0,30
1707,10/2/15,11535,Friday,7,10,2015,1708,0,0,0,0,45
1708,10/3/15,11536,Saturday,1,10,2015,1709,0,0,0,0,45
1709,10/4/15,11536,Sunday,2,10,2015,1710,0,0,0,0,57
1710,10/5/15,11536,Monday,3,10,2015,1711,0,0,0,0,30
1711,10/6/15,11536,Tuesday,4,10,2015,1712,0,0,0,0,23
1712,10/7/15,11536,Wednesday,5,10,2015,1713,0,0,0,0,26
1713,10/8/15,11536,Thursday,6,10,2015,1714,0,0,0,0,28
1714,10/9/15,11536,Friday,7,10,2015,1715,0,0,0,0,41
1715,10/10/15,11537,Saturday,1,10,2015,1716,0,0,0,0,41
1716,10/11/15,11537,Sunday,2,10,2015,1717,0,0,0,0,80
1717,10/12/15,11537,Monday,3,10,2015,1718,0,0,1,0,55
1718,10/13/15,11537,Tuesday,4,10,2015,1719,0,0,0,0,34
1719,10/14/15,11537,Wednesday,5,10,2015,1720,0,0,0,0,26
1720,10/15/15,11537,Thursday,6,10,2015,1721,0,0,0,0,23
1721,10/16/15,11537,Friday,7,10,2015,1722,0,0,0,0,31
1722,10/17/15,11538,Saturday,1,10,2015,1723,0,0,0,0,50
1723,10/18/15,11538,Sunday,2,10,2015,1724,0,0,0,0,58
1724,10/19/15,11538,Monday,3,10,2015,1725,0,0,0,0,17
1725,10/20/15,11538,Tuesday,4,10,2015,1726,0,0,0,0,31
1726,10/21/15,11538,Wednesday,5,10,2015,1727,0,0,0,0,25
1727,10/22/15,11538,Thursday,6,10,2015,1728,0,0,0,0,18
1728,10/23/15,11538,Friday,7,10,2015,1729,0,0,0,0,29
1729,10/24/15,11539,Saturday,1,10,2015,1730,0,0,0,0,51
1730,10/25/15,11539,Sunday,2,10,2015,1731,0,0,0,0,37
1731,10/26/15,11539,Monday,3,10,2015,1732,0,0,0,0,23
1732,10/27/15,11539,Tuesday,4,10,2015,1733,0,0,0,0,30
1733,10/28/15,11539,Wednesday,5,10,2015,1734,0,0,0,0,32
1734,10/29/15,11539,Thursday,6,10,2015,1735,0,0,0,0,23
1735,10/30/15,11539,Friday,7,10,2015,1736,0,0,0,0,48
1736,10/31/15,11540,Saturday,1,10,2015,1737,0,1,0,0,53
1737,11/1/15,11540,Sunday,2,11,2015,1738,0,0,0,0,34
1738,11/2/15,11540,Monday,3,11,2015,1739,0,0,0,0,21
1739,11/3/15,11540,Tuesday,4,11,2015,1740,0,0,0,0,21
1740,11/4/15,11540,Wednesday,5,11,2015,1741,0,0,0,0,14
1741,11/5/15,11540,Thursday,6,11,2015,1742,0,0,0,0,28
1742,11/6/15,11540,Friday,7,11,2015,1743,0,0,0,0,36
1743,11/7/15,11541,Saturday,1,11,2015,1744,0,0,0,0,51
1744,11/8/15,11541,Sunday,2,11,2015,1745,0,0,0,0,45
1745,11/9/15,11541,Monday,3,11,2015,1746,0,0,0,0,16
1746,11/10/15,11541,Tuesday,4,11,2015,1747,0,0,0,0,21
1747,11/11/15,11541,Wednesday,5,11,2015,1748,0,0,1,0,39
1748,11/12/15,11541,Thursday,6,11,2015,1749,0,0,0,0,21
1749,11/13/15,11541,Friday,7,11,2015,1750,0,0,0,0,26
1750,11/14/15,11542,Saturday,1,11,2015,1751,0,0,0,0,42
1751,11/15/15,11542,Sunday,2,11,2015,1752,0,0,0,0,39
1752,11/16/15,11542,Monday,3,11,2015,1753,0,0,0,0,33
1753,11/17/15,11542,Tuesday,4,11,2015,1754,0,0,0,0,23
1754,11/18/15,11542,Wednesday,5,11,2015,1755,0,0,0,0,31
1755,11/19/15,11542,Thursday,6,11,2015,1756,0,0,0,0,22
1756,11/20/15,11542,Friday,7,11,2015,1757,0,0,0,0,34
1757,11/21/15,11543,Saturday,1,11,2015,1758,0,0,0,0,54
1758,11/22/15,11543,Sunday,2,11,2015,1759,0,0,0,0,52
1759,11/23/15,11543,Monday,3,11,2015,1760,0,0,0,0,15
1760,11/24/15,11543,Tuesday,4,11,2015,1761,0,0,0,0,29
1761,11/25/15,11543,Wednesday,5,11,2015,1762,0,0,0,0,38
1762,11/26/15,11543,Thursday,6,11,2015,1763,0,0,1,0,63
1763,11/27/15,11543,Friday,7,11,2015,1764,0,0,0,0,35
1764,11/28/15,11544,Saturday,1,11,2015,1765,0,0,0,0,33
1765,11/29/15,11544,Sunday,2,11,2015,1766,0,0,0,0,51
1766,11/30/15,11544,Monday,3,11,2015,1767,0,0,0,0,23
1767,12/1/15,11544,Tuesday,4,12,2015,1768,0,0,0,0,23
1768,12/2/15,11544,Wednesday,5,12,2015,1769,0,0,0,0,36
1769,12/3/15,11544,Thursday,6,12,2015,1770,0,0,0,0,24
1770,12/4/15,11544,Friday,7,12,2015,1771,0,0,0,0,27
1771,12/5/15,11545,Saturday,1,12,2015,1772,0,0,0,0,55
1772,12/6/15,11545,Sunday,2,12,2015,1773,0,0,0,0,49
1773,12/7/15,11545,Monday,3,12,2015,1774,0,0,0,0,24
1774,12/8/15,11545,Tuesday,4,12,2015,1775,0,0,0,0,20
1775,12/9/15,11545,Wednesday,5,12,2015,1776,0,0,0,0,26
1776,12/10/15,11545,Thursday,6,12,2015,1777,0,0,0,0,23
1777,12/11/15,11545,Friday,7,12,2015,1778,0,0,0,0,42
1778,12/12/15,11546,Saturday,1,12,2015,1779,0,0,0,0,51
1779,12/13/15,11546,Sunday,2,12,2015,1780,0,0,0,0,40
1780,12/14/15,11546,Monday,3,12,2015,1781,0,0,0,1,39
1781,12/15/15,11546,Tuesday,4,12,2015,1782,0,0,0,0,31
1782,12/16/15,11546,Wednesday,5,12,2015,1783,0,0,0,0,36
1783,12/17/15,11546,Thursday,6,12,2015,1784,0,0,0,0,25
1784,12/18/15,11546,Friday,7,12,2015,1785,0,0,0,0,53
1785,12/19/15,11547,Saturday,1,12,2015,1786,0,0,0,0,69
1786,12/20/15,11547,Sunday,2,12,2015,1787,0,0,0,0,54
1787,12/21/15,11547,Monday,3,12,2015,1788,0,0,0,0,41
1788,12/22/15,11547,Tuesday,4,12,2015,1789,0,0,0,0,34
1789,12/23/15,11547,Wednesday,5,12,2015,1790,0,0,0,0,50
1790,12/24/15,11547,Thursday,6,12,2015,1791,0,0,0,0,46
1791,12/25/15,11547,Friday,7,12,2015,1792,0,0,1,0,44
1792,12/26/15,11548,Saturday,1,12,2015,1793,0,0,0,0,42
1793,12/27/15,11548,Sunday,2,12,2015,1794,0,0,0,0,36
1794,12/28/15,11548,Monday,3,12,2015,1795,0,0,0,0,36
1795,12/29/15,11548,Tuesday,4,12,2015,1796,0,0,0,0,28
1796,12/30/15,11548,Wednesday,5,12,2015,1797,0,0,0,0,23
1797,12/31/15,11548,Thursday,6,12,2015,1798,0,0,0,0,26
1798,1/1/16,11548,Friday,7,1,2016,1799,0,0,1,0,34
1799,1/2/16,11549,Saturday,1,1,2016,1800,0,0,0,0,38
1800,1/3/16,11549,Sunday,2,1,2016,1801,0,0,0,0,32
1801,1/4/16,11549,Monday,3,1,2016,1802,0,0,0,0,24
1802,1/5/16,11549,Tuesday,4,1,2016,1803,0,0,0,0,17
1803,1/6/16,11549,Wednesday,5,1,2016,1804,0,0,0,0,26
1804,1/7/16,11549,Thursday,6,1,2016,1805,0,0,0,1,22
1805,1/8/16,11549,Friday,7,1,2016,1806,0,0,0,0,24
1806,1/9/16,11550,Saturday,1,1,2016,1807,0,0,0,0,41
1807,1/10/16,11550,Sunday,2,1,2016,1808,0,0,0,0,43
1808,1/11/16,11550,Monday,3,1,2016,1809,0,0,0,0,21
1809,1/12/16,11550,Tuesday,4,1,2016,1810,0,0,0,0,20
1810,1/13/16,11550,Wednesday,5,1,2016,1811,0,0,0,0,13
1811,1/14/16,11550,Thursday,6,1,2016,1812,0,0,0,0,15
1812,1/15/16,11550,Friday,7,1,2016,1813,0,0,0,0,21
1813,1/16/16,11551,Saturday,1,1,2016,1814,0,0,0,0,43
1814,1/17/16,11551,Sunday,2,1,2016,1815,0,0,0,0,24
1815,1/18/16,11551,Monday,3,1,2016,1816,0,0,1,0,25
1816,1/19/16,11551,Tuesday,4,1,2016,1817,0,0,0,0,16
1817,1/20/16,11551,Wednesday,5,1,2016,1818,0,0,0,0,21
1818,1/21/16,11551,Thursday,6,1,2016,1819,0,0,0,0,28
1819,1/22/16,11551,Friday,7,1,2016,1820,0,0,0,0,27
1820,1/23/16,11552,Saturday,1,1,2016,1821,0,0,0,0,41
1821,1/24/16,11552,Sunday,2,1,2016,1822,0,0,0,0,32
1822,1/25/16,11552,Monday,3,1,2016,1823,0,0,0,0,19
1823,1/26/16,11552,Tuesday,4,1,2016,1824,0,0,0,0,25
1824,1/27/16,11552,Wednesday,5,1,2016,1825,0,0,0,0,6
1825,1/28/16,11552,Thursday,6,1,2016,1826,0,0,0,0,13
1826,1/29/16,11552,Friday,7,1,2016,1827,0,0,0,0,34
1827,1/30/16,11601,Saturday,1,1,2016,1828,0,0,0,0,33
1828,1/31/16,11601,Sunday,2,1,2016,1829,0,0,0,0,45
1829,2/1/16,11601,Monday,3,2,2016,1830,0,0,0,0,24
1830,2/2/16,11601,Tuesday,4,2,2016,1831,0,0,0,0,17
1831,2/3/16,11601,Wednesday,5,2,2016,1832,0,0,0,0,21
1832,2/4/16,11601,Thursday,6,2,2016,1833,0,0,0,0,21
1833,2/5/16,11601,Friday,7,2,2016,1834,0,0,0,0,31
1834,2/6/16,11602,Saturday,1,2,2016,1835,0,0,0,0,42
1835,2/7/16,11602,Sunday,2,2,2016,1836,1,0,0,0,28
1836,2/8/16,11602,Monday,3,2,2016,1837,0,0,0,0,29
1837,2/9/16,11602,Tuesday,4,2,2016,1838,0,0,0,0,35
1838,2/10/16,11602,Wednesday,5,2,2016,1839,0,0,0,1,33
1839,2/11/16,11602,Thursday,6,2,2016,1840,0,0,0,0,42
1840,2/12/16,11602,Friday,7,2,2016,1841,0,0,0,0,34
1841,2/13/16,11603,Saturday,1,2,2016,1842,0,0,0,0,57
1842,2/14/16,11603,Sunday,2,2,2016,1843,0,1,0,0,56
1843,2/15/16,11603,Monday,3,2,2016,1844,0,0,1,0,48
1844,2/16/16,11603,Tuesday,4,2,2016,1845,0,0,0,0,26
1845,2/17/16,11603,Wednesday,5,2,2016,1846,0,0,0,1,27
1846,2/18/16,11603,Thursday,6,2,2016,1847,0,0,0,0,32
1847,2/19/16,11603,Friday,7,2,2016,1848,0,0,0,0,41
1848,2/20/16,11604,Saturday,1,2,2016,1849,0,0,0,0,66
1849,2/21/16,11604,Sunday,2,2,2016,1850,0,0,0,0,51
1850,2/22/16,11604,Monday,3,2,2016,1851,0,0,0,0,26
1851,2/23/16,11604,Tuesday,4,2,2016,1852,0,0,0,0,31
1852,2/24/16,11604,Wednesday,5,2,2016,1853,0,0,0,0,17
1853,2/25/16,11604,Thursday,6,2,2016,1854,0,0,0,0,26
1854,2/26/16,11604,Friday,7,2,2016,1855,0,0,0,0,27
1855,2/27/16,11605,Saturday,1,2,2016,1856,0,0,0,0,51
1856,2/28/16,11605,Sunday,2,2,2016,1857,0,0,0,0,56
1857,2/29/16,11605,Monday,3,2,2016,1858,0,0,0,0,18
1858,3/1/16,11605,Tuesday,4,3,2016,1859,0,0,0,0,21
1859,3/2/16,11605,Wednesday,5,3,2016,1860,0,0,0,0,29
1860,3/3/16,11605,Thursday,6,3,2016,1861,0,0,0,0,27
1861,3/4/16,11605,Friday,7,3,2016,1862,0,0,0,0,22
1862,3/5/16,11606,Saturday,1,3,2016,1863,0,0,0,0,43
1863,3/6/16,11606,Sunday,2,3,2016,1864,0,0,0,0,69
1864,3/7/16,11606,Monday,3,3,2016,1865,0,0,0,0,19
1865,3/8/16,11606,Tuesday,4,3,2016,1866,0,0,0,0,25
1866,3/9/16,11606,Wednesday,5,3,2016,1867,0,0,0,0,21
1867,3/10/16,11606,Thursday,6,3,2016,1868,0,0,0,0,28
1868,3/11/16,11606,Friday,7,3,2016,1869,0,0,0,0,38
1869,3/12/16,11607,Saturday,1,3,2016,1870,0,0,0,0,39
1870,3/13/16,11607,Sunday,2,3,2016,1871,0,0,0,0,35
1871,3/14/16,11607,Monday,3,3,2016,1872,0,0,0,0,28
1872,3/15/16,11607,Tuesday,4,3,2016,1873,0,0,0,0,21
1873,3/16/16,11607,Wednesday,5,3,2016,1874,0,0,0,0,23
1874,3/17/16,11607,Thursday,6,3,2016,1875,0,1,0,0,23
1875,3/18/16,11607,Friday,7,3,2016,1876,0,0,0,0,31
1876,3/19/16,11608,Saturday,1,3,2016,1877,0,0,0,0,52
1877,3/20/16,11608,Sunday,2,3,2016,1878,0,0,0,0,56
1878,3/21/16,11608,Monday,3,3,2016,1879,0,0,0,0,14
1879,3/22/16,11608,Tuesday,4,3,2016,1880,0,0,0,0,14
1880,3/23/16,11608,Wednesday,5,3,2016,1881,0,0,0,0,32
1881,3/24/16,11608,Thursday,6,3,2016,1882,0,0,0,1,26
1882,3/25/16,11608,Friday,7,3,2016,1883,0,0,0,0,45
1883,3/26/16,11609,Saturday,1,3,2016,1884,0,0,0,0,73
1884,3/27/16,11609,Sunday,2,3,2016,1885,0,1,0,0,54
1885,3/28/16,11609,Monday,3,3,2016,1886,0,0,0,0,24
1886,3/29/16,11609,Tuesday,4,3,2016,1887,0,0,0,0,28
1887,3/30/16,11609,Wednesday,5,3,2016,1888,0,0,0,0,25
1888,3/31/16,11609,Thursday,6,3,2016,1889,0,0,0,0,26
1889,4/1/16,11609,Friday,7,4,2016,1890,0,0,0,0,45
1890,4/2/16,11610,Saturday,1,4,2016,1891,0,0,0,0,68
1891,4/3/16,11610,Sunday,2,4,2016,1892,0,0,0,0,52
1892,4/4/16,11610,Monday,3,4,2016,1893,0,0,0,0,33
1893,4/5/16,11610,Tuesday,4,4,2016,1894,0,0,0,0,32
1894,4/6/16,11610,Wednesday,5,4,2016,1895,0,0,0,0,34
1895,4/7/16,11610,Thursday,6,4,2016,1896,0,0,0,0,40
1896,4/8/16,11610,Friday,7,4,2016,1897,0,0,0,0,45
1897,4/9/16,11611,Saturday,1,4,2016,1898,0,0,0,0,59
1898,4/10/16,11611,Sunday,2,4,2016,1899,0,0,0,0,37
1899,4/11/16,11611,Monday,3,4,2016,1900,0,0,0,0,32
1900,4/12/16,11611,Tuesday,4,4,2016,1901,0,0,0,0,18
1901,4/13/16,11611,Wednesday,5,4,2016,1902,0,0,0,0,37
1902,4/14/16,11611,Thursday,6,4,2016,1903,0,0,0,0,27
1903,4/15/16,11611,Friday,7,4,2016,1904,0,0,0,0,23
1904,4/16/16,11612,Saturday,1,4,2016,1905,0,0,0,0,57
1905,4/17/16,11612,Sunday,2,4,2016,1906,0,0,0,0,49
1906,4/18/16,11612,Monday,3,4,2016,1907,0,0,0,0,21
1907,4/19/16,11612,Tuesday,4,4,2016,1908,0,0,0,0,46
1908,4/20/16,11612,Wednesday,5,4,2016,1909,0,0,0,0,24
1909,4/21/16,11612,Thursday,6,4,2016,1910,0,0,0,0,35
1910,4/22/16,11612,Friday,7,4,2016,1911,0,0,0,0,33
1911,4/23/16,11613,Saturday,1,4,2016,1912,0,0,0,0,49
1912,4/24/16,11613,Sunday,2,4,2016,1913,0,0,0,0,52
1913,4/25/16,11613,Monday,3,4,2016,1914,0,0,0,0,30
1914,4/26/16,11613,Tuesday,4,4,2016,1915,0,0,0,0,27
1915,4/27/16,11613,Wednesday,5,4,2016,1916,0,0,0,0,13
1916,4/28/16,11613,Thursday,6,4,2016,1917,0,0,0,0,28
1917,4/29/16,11613,Friday,7,4,2016,1918,0,0,0,0,38
1918,4/30/16,11614,Saturday,1,4,2016,1919,0,0,0,1,49
1919,5/1/16,11614,Sunday,2,5,2016,1920,0,0,0,1,82
1920,5/2/16,11614,Monday,3,5,2016,1921,0,0,0,0,37
1921,5/3/16,11614,Tuesday,4,5,2016,1922,0,0,0,0,41
1922,5/4/16,11614,Wednesday,5,5,2016,1923,0,0,0,0,16
1923,5/5/16,11614,Thursday,6,5,2016,1924,0,1,0,0,28
1924,5/6/16,11614,Friday,7,5,2016,1925,0,0,0,0,30
1925,5/7/16,11615,Saturday,1,5,2016,1926,0,0,0,0,45
1926,5/8/16,11615,Sunday,2,5,2016,1927,0,1,0,0,69
1927,5/9/16,11615,Monday,3,5,2016,1928,0,0,0,0,36
1928,5/10/16,11615,Tuesday,4,5,2016,1929,0,0,0,0,34
1929,5/11/16,11615,Wednesday,5,5,2016,1930,0,0,0,0,30
1930,5/12/16,11615,Thursday,6,5,2016,1931,0,0,0,0,20
1931,5/13/16,11615,Friday,7,5,2016,1932,0,0,0,0,38
1932,5/14/16,11616,Saturday,1,5,2016,1933,0,0,0,0,61
1933,5/15/16,11616,Sunday,2,5,2016,1934,0,0,0,0,61
1934,5/16/16,11616,Monday,3,5,2016,1935,0,0,0,0,36
1935,5/17/16,11616,Tuesday,4,5,2016,1936,0,0,0,0,34
1936,5/18/16,11616,Wednesday,5,5,2016,1937,0,0,0,0,39
1937,5/19/16,11616,Thursday,6,5,2016,1938,0,0,0,0,30
1938,5/20/16,11616,Friday,7,5,2016,1939,0,0,0,0,32
1939,5/21/16,11617,Saturday,1,5,2016,1940,0,0,0,0,50
1940,5/22/16,11617,Sunday,2,5,2016,1941,0,0,0,0,50
